3252 5348
426 469 478 544 24
543 484 628 541 nes
656 455 1092 539 utrxuonrnosss
1121 482 1347 560 novior,

427 621 551 720 Vidit,
566 637 603 697 et
612 624 808 722 obsmpuit
819 651 827 697 :
838 621 982 720 quique
992 623 1133 699 ethera
1143 652 1297 726 onrpere
1309 641 1490 729 possent,-

430 751 600 828 Credidit
612 779 689 828 esse
700 755 812 828 Deos.

688 959 736 1035 V.
762 962 896 1034 Icarus
911 957 1017 1034 eadit
1031 959 1071 1036 in
1085 989 1202 1038 mare.

838 1154 901 1228 Er
916 1157 992 1250 jam
1004 1157 1172 1230 Iunonia
1185 1155 1283 1234 laevt

427 1285 537 1362 Parte
551 1285 678 1360 Sarnos
693 1283 862 1384 fuerant,
877 1286 1083 1384 Delosque,
1099 1288 1290 1387 Parosque
1306 1289 1468 1386 relietae3

428 1421 572 1494 Dextra
586 1415 802 1515 [ebynthos
816 1429 915 1512 erat,
931 1415 1182 1515 foecundeqne
1194 1417 1306 1492 melle
1319 1419 1510 1520 Calydne3

428 1549 526 1623 Ciun
538 1572 635 1646 puer
647 1545 779 1620 audaci
792 1546 906 1642 coepit
921 1544 1080 1642 gaudere
1092 1547 1232 1640 rolatu-
1240 1555 1270 1644 ¹,

426 1675 676 1771 Deseruitque
691 1672 827 1747 ducem
846 1699 855 1744 ε
870 1671 1031 1768 ooelique
1044 1671 1226 1769 cupidine
1237 1685 1358 1750 tactus

426 1805 550 1882 Altius
566 1804 641 1902 egit
655 1805 738 1876 iter.
757 1801 894 1899 Rapidi
907 1802 1051 1877 vicinia
1062 1803 1159 1878 Solis

426 1935 553 2014 Mollit
567 1935 756 2030 odoratas,
770 1957 985 2030 pennatum
998 1932 1154 2008 vincula
1162 1991 1174 2030 ‚
1192 1957 1306 2012 cerus.
1344 1983 1348 1992 ·

426 2065 643 2141 Tabuerant
658 2089 753 2138 cerae
773 2091 781 2136 :
799 2061 923 2136 nudos
939 2062 1061 2157 quatit
1073 2062 1137 2138 isse
1152 2065 1328 2165 lacertos,

427 2198 673 2298 Remigioque
685 2223 814 2272 carens
830 2221 908 2270 non
925 2195 1023 2270 ullas
1035 2198 1198 2294 percipit
1209 2223 1331 2274 eurus.

426 2335 580 2430 Oraque
593 2327 768 2425 mellei,
782 2328 950 2427 patrium
966 2327 1166 2402 clamantia
1176 2355 1336 2430 nomen,

425 2458 685 2556 Excipiuntur
696 2454 811 2553 aqut,
830 2480 915 2552 quae
929 2479 1070 2528 nomen
1083 2459 1199 2530 traxit
1212 2461 1260 2532 ab
1275 2459 1341 2533 illo
1355 2467 1382 2535 ⁸.

426 2589 476 2662 At
490 2601 595 2688 pater
607 2587 760 2684 infelix,
780 2611 850 2659 nec
861 2588 936 2681 jam
950 2599 1073 2684 pater3
1090 2587 1209 2686 Ieare,
1225 2589 1342 2685 dixit,

425 2723 549 2819 Icere,
565 2721 667 2795 dixit
680 2719 712 2817 ³,
728 2721 797 2795 ubi
811 2719 874 2794 es?
885 2719 962 2816 qui
972 2732 1009 2796 te
1022 2722 1173 2819 regione
1185 2721 1404 2820 requiram?

427 2855 554 2947 Ioere,
569 2851 734 2945 dicebat3
752 2873 895 2946 pennas
907 2849 1052 2946 aspexit
1064 2857 1107 2924 iu
1122 2851 1259 2949 undis,
1416 2845 1419 2848 ’

428 2977 671 3082 Devovitque
683 3001 767 3049 suas
780 2989 876 3050 artes
893 3006 901 3051 :
920 3003 1133 3076 eorpusque
1148 2979 1321 3077 sepulcro

425 3106 606 3186 Condidit
622 3135 631 3182 :
650 3119 688 3181 et
702 3106 813 3180 tellus
826 3131 849 3180 a
863 3110 1019 3184 nomine
1031 3108 1131 3183 dicta
1142 3107 1293 3206 sepulti.
1379 3151 1382 3162 ·

469 3289 479 3320 ¹
503 3287 544 3344 Le
556 3285 657 3362 poete,
666 3303 723 3362 par
733 3305 775 3344 un
785 3287 944 3344 sentiment
954 3287 1057 3363 exquir
1066 3284 1103 3343 de
1114 3285 1286 3344 l'lurtnonie
1297 3283 1456 3356 irritatius,

425 3405 444 3447 e
457 3388 556 3448 donne
569 3404 609 3445 eu
622 3385 759 3463 rhythme
771 3385 809 3444 de
824 3405 856 3445 ce
869 3405 938 3446 vers
952 3387 1081 3468 quelque
1094 3385 1181 3444 chore
1193 3383 1231 3444 de
1243 3383 1374 3444 l'sudnee
1385 3387 1459 3460 pre-

426 3497 615 3562 somptueuse
628 3484 750 3542 d’lcare.

612 3615 696 3663 leam
706 3613 800 3664 lemos
809 3611 976 3679 nomboesecit
985 3629 1065 3679 aquas
1069 3649 1079 3674 ,

424 3747 442 3787 ι
454 3727 499 3785 dit
510 3735 596 3784 notre
606 3725 694 3801 poete
707 3725 781 3784 dans
793 3725 821 3783 ln
832 3725 976 3802 premiere
987 3711 1085 3804 Elegio
1096 3725 1148 3786 des
1163 3728 1275 3785 Tristes.

463 3819 477 3860 ³
498 3823 581 3881 cette
593 3820 754 3898 repetition
766 3834 809 3880 est
821 3822 895 3880 d'un
906 3823 1001 3900 grand
1013 3823 1092 3881 esset.
1106 3827 1155 3886 On
1169 3824 1245 3886 croit
1257 3821 1398 3883 entendre
1411 3823 1453 3882 les

402 3971 403 3974 ,
421 3919 478 3981 eris
490 3919 603 3996 repetes
616 3917 658 3978 du
671 3919 863 3980 melheureux
873 3919 944 3997 pere
957 3920 1078 3981 d'lcere.
