3262 5342
433 534 456 608 8
548 551 631 610 Lus
661 521 1098 609 ndranouruosas
1132 547 1356 628 movron,

430 697 525 778 Nam
539 711 695 799 pereant
708 699 834 798 potius
848 696 1162 795 sperauerant,
1176 699 1294 796 quim
1309 699 1382 773 sim
1532 721 1549 768 ·;

429 831 647 905 Proditione
658 831 812 926 potens!
832 815 1006 924 quamvss
1019 852 1116 924 saepe
1130 825 1225 900 utile
1236 826 1343 900 vinci
1492 817 1494 820 ’

429 959 591 1036 Victoris
606 956 742 1058 placidi
755 955 844 1030 fecit
859 952 1056 1028 clementia
1068 953 1211 1028 multia.

478 1091 584 1162 Justa
599 1088 694 1186 gerit
708 1089 807 1159 certe
822 1093 996 1181 pronato
1012 1083 1108 1156 bella
1120 1095 1310 1182 peremto,

429 1217 476 1289 ln
492 1215 676 1311 cauerique
687 1211 788 1286 valet
805 1239 812 1283 :
829 1234 1052 1306 causamque
1068 1210 1263 1284 tuentibus
1280 1207 1415 1306 armis,¹

431 1343 482 1416 Ut
497 1354 610 1440 puto,
626 1340 838 1414 vincemur.
857 1337 935 1424 Qui
948 1338 983 1412 si·
994 1352 1123 1414 manet
1136 1341 1261 1416 exitus
1276 1319 1440 1438 urbem;

429 1473 508 1546 Cur
523 1496 615 1544 suus
628 1469 708 1542 haec
720 1469 778 1541 illi
792 1468 971 1542 reserabit
985 1471 1128 1544 moenia
1139 1472 1288 1549 Mavors
1304 1479 1338 1570 ¹,

358 1669 360 1674 ,
428 1599 477 1672 Et
489 1624 566 1672 non
583 1610 710 1670 noster
722 1597 851 1670 arnor?
867 1595 1002 1670 melius
1016 1597 1099 1670 sino
1115 1598 1233 1694 caede,
1248 1597 1452 1696 morique,

429 1729 677 1838 lmpensdque
693 1729 752 1802 sui
766 1734 903 1827 poterit
915 1755 1090 1827 superare
1103 1730 1261 1805 cruoris.

428 1865 555 1950 Quium
572 1873 701 1936 metuo
717 1866 832 1959 certe,
848 1889 898 1936 ne
911 1863 998 1961 quis
1013 1875 1078 1936 tua
1090 1874 1256 1960 pectora,
1269 1859 1413 1956 ltdinos,

425 1994 611 2068 Vulnerat
625 1992 867 2090 imprudens!
886 1993 973 2090 quis
989 1992 1093 2066 enim
1108 2004 1185 2066 tam
1201 1992 1327 2088 dirus,
1341 2003 1386 2064 ut
1402 1990 1444 2064 in
1460 2001 1501 2062 te

425 2113 595 2224 Dirigere
611 2125 814 2223 immitem,
828 2127 904 2200 nisi
919 2126 1087 2222 nescius,
1101 2125 1235 2200 audeat
1249 2123 1417 2200 hastam?

402 2348 413 2367 ·
426 2259 557 2354 Coepta
568 2258 734 2356 placent,
749 2270 787 2331 et
797 2269 869 2332 atat
881 2257 1065 2332 sententia
1076 2257 1222 2331 tradere
1235 2281 1385 2331 mecum

425 2385 596 2460 Dotalem
612 2386 790 2485 patriam3
805 2387 996 2487 finemque
1009 2389 1204 2487 imponere
1216 2387 1325 2462 bello.

424 2507 568 2591 Verum
580 2518 677 2592 velle
692 2543 828 2614 parum
844 2531 911 2593 est.
927 2519 1063 2593 Aditus
1076 2516 1244 2592 custodia
1257 2527 1398 2610 servat,

424 2643 665 2743 Claustraque
681 2659 878 2742 portarum
893 2649 1037 2744 genitor
1050 2661 1164 2724 tenet.
1180 2644 1294 2724 Hunc
1307 2675 1371 2747 ego
1385 2645 1509 2722 solum

423 2769 562 2852 infelix
577 2779 693 2853 timeo
710 2808 718 2851 :
734 2779 836 2852 solus
851 2805 934 2852 mea
951 2793 1039 2853 vota
1048 2795 1243 2878 moratum

422 2909 472 2982 Di
484 2909 649 2984 facerent
662 2917 694 3006 ¹,
713 2911 795 2984 sine
807 2923 912 3007 patre
923 2911 1066 2986 sorem!
1085 2912 1165 2986 Sibi
1178 2911 1339 3009 quisque
1350 2910 1517 3010 prefecto

422 3040 482 3113 Fit
497 3041 599 3113 Deus
616 3069 624 3114 z
639 3039 783 3138 ignavis
799 3043 973 3138 precibus
985 3043 1152 3118 Fortuna
1166 3057 1360 3142 repugnat.

423 3171 549 3244 Altera
560 3171 635 3266 jam
648 3169 796 3246 dudum
810 3195 987 3247 succensa
1000 3172 1187 3271 Cupidine
1203 3186 1310 3247 tanto

420 3299 580 3374 Perdere
592 3300 785 3399 gauderet,
800 3303 1065 3401 quodcumque
1078 3306 1240 3380 obstaret
1251 3305 1384 3380 amori.

426 3482 431 3490 ’
464 3479 474 3512 ¹
498 3475 677 3557 Mdtonymie
689 3483 838 3560 poetique.
853 3485 880 3540 A
894 3483 923 3542 la
939 3483 1041 3556 lettre,
1055 3503 1110 3545 aon
1123 3487 1204 3544 Mart
1217 3503 1257 3544 au
1270 3483 1330 3544 lieu
1343 3483 1380 3543 de
1394 3503 1449 3542 sou

420 3581 527 3636 arrode.

461 3683 475 3713 ⁸
489 3679 619 3736 N'est-ce
629 3695 682 3756 pas
693 3679 720 3736 la
731 3678 759 3737 le
770 3679 860 3738 ddlire
869 3680 905 3738 de
915 3683 942 3740 la
951 3685 1070 3760 passion
1082 3679 1094 3741 i
1106 3685 1230 3744 n'est-ee
1239 3701 1292 3761 pas
1304 3683 1332 3741 l'a
1341 3683 1447 3740 l'avoir

419 3777 521 3848 portee
538 3792 579 3830 au
594 3773 680 3849 point
697 3767 738 3832 od
756 3771 809 3833 elle
826 3779 981 3837 ressemble
996 3779 1013 3838 t
1031 3797 1090 3840 une
1107 3781 1248 3840 veritable
1266 3779 1447 3838 alidnation?

419 3871 499 3927 Dans
512 3871 580 3946 quel
594 3873 652 3927 etat
664 3883 706 3928 est
716 3872 794 3930 done
806 3874 832 3930 la
844 3873 902 3932 fille
913 3876 949 3933 de
960 3877 1064 3950 Ninus,
1076 3897 1156 3956 pour
1166 3879 1278 3940 former
1288 3879 1314 3936 le
1330 3874 1448 3936 souhait

418 3965 531 4026 inserat
545 3965 581 4038 de
593 3967 708 4030 u'avoir
720 3969 804 4046 point
817 3971 854 4030 de
865 3973 935 4048 pdre
946 3973 970 4048 Ρ,
