3262 5342
451 561 497 636 16
564 572 648 630 sus
676 543 1118 628 ntranonrnosss
1148 537 1377 646 moeror,

449 726 512 804 Nil
525 725 619 824 agis,
635 719 680 796 d!
700 719 842 794 frustra
856 716 1082 794 meritorum
1099 717 1214 792 oblite
1228 745 1413 793 meorum.

448 865 629 958 Insequar
641 855 809 931 invitum
828 885 836 929 :
852 854 1090 951 puppimque
1105 852 1277 950 amplexa
1293 877 1510 946 recurvam,

449 993 521 1067 Per
533 991 627 1084 freta
638 989 746 1084 longa
758 985 898 1059 trahan
914 985 991 1058 vix
1003 984 1151 1058 dixerat
1167 1041 1177 1080 ,
1196 985 1316 1058 insilit
1332 984 1470 1056 undas:

447 1119 776 1218 Consequiturque
788 1127 902 1212 rates,
920 1115 1078 1190 faciente
1092 1114 1279 1212 Cupidine
1292 1113 1413 1210 vires5

447 1248 731 1343 Gnossiacaeque
744 1242 863 1318 haeret
879 1269 1002 1319 eomes
1016 1243 1203 1318 indiviosa
1222 1251 1232 1282 ²
1250 1245 1398 1317 carinae.

448 1383 573 1470 Quam
584 1387 750 1476 poterut
766 1373 884 1472 vidit,
904 1399 993 1448 nam
1007 1375 1084 1470 jam
1099 1373 1285 1472 pendebat
1300 1376 1343 1448 in
1356 1395 1483 1468 auras,

447 1511 495 1584 Et
511 1503 754 1608 madefactus
767 1515 846 1578 erat
862 1504 978 1578 fulvis
991 1503 1198 1604 Hslyaeetos
1210 1507 1278 1581 alis
1291 1518 1325 1600 ¹,

447 1645 548 1739 Ibat,
567 1653 612 1715 ut
626 1641 835 1715 haerentem
845 1651 968 1712 rostro
981 1639 1139 1713 laniaret
1154 1639 1313 1715 adunco.

445 1773 515 1847 Illa
529 1783 633 1846 metu
647 1772 808 1868 puppim
818 1769 979 1842 dimittit
997 1799 1005 1843 :
1021 1783 1059 1842 at
1072 1796 1164 1843 aura
1176 1769 1370 1844 cadentem

447 1903 677 1978 Sustinuisse
689 1898 803 2006 levis,
823 1927 872 1972 ne
885 1911 1051 1998 tangeret
1063 1925 1233 1997 aequora,
1251 1900 1330 1974 visa
1343 1911 1409 1974 est.

424 2087 426 2091 -
446 2029 581 2106 Pluma
592 2028 667 2101 fuit
684 2057 691 2100 :
711 2028 852 2123 plumis
870 2030 913 2100 in
925 2054 1035 2101 avem
1050 2043 1195 2104 mutata
1207 2044 1365 2108 vocatur

447 2163 544 2238 Ciris
557 2191 565 2236 :
581 2171 617 2234 et
629 2184 651 2232 a
663 2172 772 2232 tonso
784 2170 839 2231 est
851 2157 925 2234 hoc
940 2186 1082 2235 nomen
1095 2161 1226 2260 adepta
1239 2161 1386 2261 oapillo.

445 2408 522 2486 lll.
550 2410 804 2484 Minotaurum.
829 2407 1033 2481 Liberatus
1049 2409 1286 2506 Labyrintto
1307 2411 1482 2484 Theseus.

595 2539 752 2610 Mutato
769 2540 809 2609 in
826 2538 951 2634 Sydus
967 2539 1161 2614 Ariadnes
1178 2543 1333 2620 Corona.

492 2785 612 2862 vom
624 2788 647 2859 J
648 2785 714 2858 ovi
726 2779 852 2858 Minos
864 2797 1064 2860 taurorum
1081 2815 1236 2885 corpora
1248 2803 1401 2866 centum

444 2919 584 3014 Solvit,
603 2928 649 2990 ut
662 2942 826 3015 egressus
838 2917 983 2990 ratibus
997 2920 1174 2994 Curetida
1189 2934 1328 2996 terram

444 3045 626 3142 contigit,
646 3056 684 3118 et
698 3043 828 3141 spoliis
839 3043 1011 3117 decorata
1023 3058 1078 3118 est
1090 3047 1189 3143 regia
1204 3047 1304 3123 fixis.

443 3178 620 3252 Creverat
631 3177 879 3274 opprobrium
892 3177 1036 3274 generis
1054 3207 1061 3252 :
1077 3177 1299 3278 foedumque
1314 3184 1462 3279 patebat

441 3309 572 3383 Matris
584 3307 812 3396 adulterium
825 3309 986 3382 monstri
995 3310 1162 3383 novitate
1177 3311 1361 3385 bisonnis.

441 3439 613 3514 Destinat
624 3439 731 3514 hune
743 3439 868 3515 Minos
880 3439 1054 3515 thalamis
1068 3469 1261 3520 removere
1274 3447 1478 3560 pudorem,

441 3567 718 3666 Multiplicique
731 3569 845 3643 domo
857 3568 1036 3668 oaecisque
1049 3571 1242 3647 includere
1256 3576 1373 3651 tectis.

486 3769 504 3818 ¹'
520 3782 601 3841 Cette
616 3783 742 3859 epithus
755 3786 928 3861 passionnee
942 3787 1071 3863 exprime
1083 3806 1138 3865 par
1151 3808 1194 3848 un
1208 3791 1270 3848 seul
1283 3801 1363 3862 mot,
1377 3793 1477 3850 Minoi·

442 3883 651 3960 erprobratura
660 3887 790 3942 animum
800 3888 953 3962 ingratum.

484 3985 497 4013 ¹
520 3975 604 4058 Aigle
613 3981 650 4039 de
661 3999 740 4052 mer,
751 3983 793 4041 du
802 4003 869 4062 grec
879 3977 943 4054 ln,
954 4005 1032 4059 mor,
1044 3998 1074 4046 st
1086 4007 1180 4060 arros,
1193 3987 1276 4067 aigle.
