3210 5368
462 529 532 606 128
575 541 663 600 nus
690 513 1133 598 nu'rnnonruosns
1161 541 1389 622 monor,

458 691 506 764 Et
521 692 686 765 lacerum
698 713 819 763 oornu
834 683 970 760 mediis
980 696 1094 784 eaput
1109 685 1253 759 abdidit
1266 689 1392 762 undis.

458 819 573 894 Hunc
586 833 713 894 tamen
726 818 839 892 ablati
854 815 1005 889 domuit
1019 817 1163 910 jactura
1179 817 1344 915 decoris,

459 951 600 1025 Caetera
613 975 737 1048 sospes
752 959 831 1020 erat
848 975 857 1020 :
873 947 1004 1044 eapitis
1016 973 1189 1044 quoque,
1207 947 1342 1022 fronde
1355 947 1499 1044 saligni,

459 1078 538 1156 Aut
549 1104 663 1176 super
675 1075 851 1174 impositi
865 1074 1007 1148 celatur
1020 1077 1229 1174 arundine,
1244 1077 1425 1152 damnum
1440 1084 1462 1149 ¹.

523 1305 594 1384 lv.
622 1306 850 1403 Inteficitur
864 1307 916 1378 ab
929 1307 1096 1378 Hercule
1110 1311 1253 1380 Nessus
1270 1321 1473 1381 centaurus.

506 1531 568 1606 'Ar
583 1544 638 1630 te,
656 1532 767 1606 Nesse
778 1531 906 1628 ferox,
925 1531 1093 1626 ejusdem
1110 1534 1267 1632 virginis
1283 1537 1396 1611 ardor

457 1653 699 1758 Perdiderat,
716 1661 867 1734 volucri
882 1663 1080 1756 trejectum
1094 1675 1195 1762 terga
1210 1667 1351 1762 sagittet.

459 1793 650 1889 Namque,
666 1791 766 1863 novt
778 1805 950 1888 repetens
962 1793 1102 1888 patrios
1116 1819 1205 1865 cum
1219 1795 1375 1891 conjuge
1387 1817 1524 1886 muros,

459 1922 622 1996 Venerat
635 1921 756 1993 Eveni
771 1919 917 2017 rapidas
933 1921 1028 1993 Jove
1040 1934 1152 1992 natus
1168 1920 1213 1993 ad
1232 1919 1352 1994 undas
1366 1929 1393 1995 ⁸.

460 2047 624 2121 Uberiirs
637 2046 746 2120 solito
760 2047 899 2120 nimbis
912 2045 1139 2118 hiemalibus
1151 2057 1301 2142 auctus,

457 2179 751 2275 vorticibusque
764 2174 942 2273 frequens
955 2189 1052 2273 erat,
1071 2188 1183 2273 atque
1195 2177 1421 2274 impervius,
1436 2171 1560 2247 amnis.

459 2303 701 2401 Intrepidum
717 2327 787 2401 pro
802 2329 860 2398 se,
880 2327 1011 2375 curam
1023 2301 1071 2373 de
1084 2304 1240 2400 conjuge
1255 2313 1439 2398 agentem,

460 2441 598 2514 Nessus
610 2438 707 2533 adit,
723 2439 978 2533 membrisque
997 2437 1147 2532 valens,
1165 2437 1354 2532 scitusque
1367 2433 1562 2510 vadorum:
1599 2413 1600 2486 i

460 2571 668 2668 Officioque
685 2594 770 2642 meo
785 2567 868 2664 ripd
884 2568 1036 2640 sistetur
1053 2568 1095 2639 in
1108 2567 1173 2640 ille

460 2701 568 2798 Haec,
588 2703 659 2795 nit,
678 2697 808 2774 Alcide
826 2710 894 2772 :tu
911 2699 1060 2772 viribus
1078 2709 1184 2772 utere
1198 2677 1336 2771 nando

459 2830 740 2925 Pallentemque
748 2841 872 2924 metu,
882 2828 1350 2928 fluviumque,ipsumque
1357 2827 1561 2919 timentem,

460 2961 635 3036 Tradidit
647 2961 792 3034 Aonius
807 2963 981 3058 pavidam
998 2959 1228 3058 Calydonida
1240 2961 1365 3033 Nesso.

462 3091 572 3189 Mor,
591 3104 743 3188 uteret,
762 3092 1013 3190 pharetrdque
1025 3097 1168 3189 gravis,
1179 3091 1372 3188 spolioque
1384 3089 1520 3184 leonis,

461 3222 558 3298 Nam
574 3223 717 3296 clavam
733 3234 770 3295 et
781 3249 919 3297 curvos
936 3235 1039 3296 trans
1056 3226 1177 3318 ripam
1193 3223 1484 3316 miseratorem,

463 3350 782 3449 Quandoquidem
796 3351 914 3449 cerepi,
934 3363 1161 3449 superentur
1174 3350 1332 3423 flumina
1340 3407 1351 3445 ,
1366 3347 1478 3422 dixit.

506 3547 517 3578 ¹
542 3547 594 3604 Cet
606 3545 734 3604 incident
746 3548 799 3622 qui
813 3547 864 3603 fait
874 3547 1022 3625 image‚et
1035 3548 1088 3623 qui
1098 3547 1227 3623 reppello
1241 3565 1300 3620 que
1313 3545 1393 3602 Jules
1407 3544 1496 3602 Ctser

373 3681 377 3699 .
464 3645 577 3702 crebuit
594 3664 664 3702 avec
685 3666 744 3704 une
764 3667 917 3705 conronne
935 3647 972 3704 de
992 3649 1101 3706 laurier
1120 3649 1148 3704 la
1167 3647 1269 3704 nudite
1287 3647 1323 3702 de
1343 3663 1397 3702 son
1414 3631 1497 3700 frons

465 3743 597 3812 chauve,
613 3753 673 3800 sert
691 3745 727 3801 de
744 3746 901 3803 transition
922 3747 939 3804 d
957 3748 985 3804 la
1000 3747 1078 3806 suble
1096 3747 1139 3806 du
1154 3757 1291 3806 centaure
1305 3745 1431 3813 Nessus,
1445 3745 1496 3800 tus

465 3857 522 3915 per
536 3839 670 3897 Hercule.

505 3941 523 3992 ‚⁸
544 3939 712 4010 L'Erenus,
725 3938 822 4000 fleuve
834 3941 870 4001 de
883 3944 1008 4004 l'Etolie.
