3252 5348
431 523 476 596 18
542 537 627 594 urs
656 509 1096 591 nirnuournosrs
1127 535 1349 614 movrnu,

424 685 618 780 Daedalus,
636 679 788 780 ingenio
801 679 915 754 fabrae
928 681 1193 756 celeberrimus
1207 685 1318 782 ortis,

423 819 537 893 Ponit
549 843 643 917 opus
660 843 668 890 :
683 815 887 910 turbatque
899 825 1025 910 notes,
1044 825 1080 887 et
1096 815 1243 888 lumina
1257 815 1403 888 flexum

423 947 540 1022 Ducit
552 947 594 1022 in
608 971 775 1024 errorem
786 945 979 1019 variarum
992 948 1142 1046 ambage
1154 948 1319 1022 viarum.

423 1079 509 1153 non
523 1101 627 1152 secus
639 1101 683 1150 ac
694 1072 864 1171 equuus
873 1072 1047 1171 Phrygiis
1059 1075 1325 1150 umdmssn
1338 1075 1440 1150 arvis
1464 1053 1466 1060 ’

423 1211 558 1309 Ludit3
577 1224 614 1284 et
628 1209 809 1306 ambiguo
816 1207 923 1306 lapsu
939 1208 1142 1306 refluitque
1155 1209 1339 1309 fluitque,

421 1351 710 1442 occurrensque
725 1343 796 1416 sibi
810 1353 989 1416 venturus
1002 1343 1133 1440 aspicit
1146 1341 1268 1418 undas
1282 1349 1314 1417 ¹:

421 1479 469 1554 Et
482 1503 587 1555 nunc
601 1471 648 1550 od
662 1475 802 1572 fontes,
821 1475 980 1548 nuncin
994 1501 1097 1550 mere
1112 1499 1246 1550 versus
1258 1487 1430 1576 apertum
1438 1529 1451 1571 ,

421 1613 585 1686 Incertae
599 1621 746 1685 exercet
757 1635 871 1706 aquas
888 1637 898 1683 z
913 1609 966 1682 ita
979 1609 1156 1684 Daedalus
1168 1613 1301 1710 implet

419 1747 643 1822 Innumeras
657 1769 783 1818 errore
796 1746 877 1817 vias
894 1771 903 1818 :
919 1743 1064 1842 vixque
1079 1745 1160 1843 ipse
1174 1747 1315 1820 reverti

420 1881 480 1955 Ad
495 1881 613 1954 limen
628 1880 754 1979 potuit
770 1907 778 1953 :
794 1889 897 1952 tenta
913 1890 968 1953 est
979 1878 1122 1954 fallacia
1136 1883 1246 1954 tecti!

469 2014 557 2101 Quo
572 2024 656 2112 post
668 2013 783 2110 qulun
795 2013 896 2086 tauri
908 2014 1095 2111 geminam
1107 2013 1333 2111 juvenisque
1345 2013 1501 2110 figuram

420 2145 578 2248 (llausit3¹
598 2155 635 2218 et
646 2145 772 2218 Actaeo
783 2143 842 2218 bis
857 2158 1007 2242 pastum
1019 2152 1200 2246 sanguine
1213 2159 1427 2222 monstrum
1538 2239 1541 2244 Ι

419 2279 546 2354 Tertia
562 2308 640 2356 sors
653 2282 762 2356 annis
774 2281 925 2357 domuit
936 2287 1093 2384 repetita
1105 2286 1286 2382 novenis,¹

419 2413 545 2511 thue
561 2439 631 2510 ope
647 2411 831 2512 virginei,
850 2415 967 2490 nullis
979 2419 1109 2490 iterata
1124 2418 1317 2513 priorum,

419 2547 541 2620 lanua
556 2545 718 2621 difficilis
733 2547 798 2620 filo
814 2561 869 2622 est
884 2548 1041 2624 inventa
1056 2551 1213 2647 relecto;

418 2675 598 2752 Protinus
614 2665 781 2775 AEgides,
799 2679 906 2776 reptet
919 2680 1104 2778 Minoide,
1122 2681 1224 2754 Dian

419 2807 511 2883 Vela
524 2810 629 2883 dedit
646 2840 654 2884 ε
671 2811 922 2909 comitemque
935 2837 1042 2886 suam
1055 2814 1218 2888 crudelis
1231 2816 1274 2890 in
1287 2815 1353 2889 illo

420 2939 547 3014 Litore
560 2936 738 3014 deseruit.
753 2941 939 3040 Desertae,
956 2955 992 3017 et
1007 2944 1128 3017 multa
1141 2947 1335 3043 querenti,

420 3069 628 3166 Amplexus
645 3083 681 3145 et
694 3097 804 3169 opem
820 3071 934 3146 Liber
947 3071 1037 3147 tulit
1054 3105 1062 3148 ε
1081 3087 1201 3172 utque
1213 3077 1372 3175 perenni

421 3200 551 3278 Sidere
565 3205 661 3281 clare
675 3207 787 3305 foret,
804 3221 967 3284 sumtum
979 3209 1027 3283 de
1039 3209 1164 3283 fronte
1180 3235 1357 3284 coronam

422 3336 585 3410 Immisit
600 3341 706 3412 coelo.
725 3339 874 3414 Tenues
887 3342 988 3414 volat
1001 3341 1066 3414 ille
1078 3368 1146 3440 per
1159 3369 1289 3437 auras5

424 3469 602 3567 Dumque
610 3472 730 3570 volat,
745 3499 899 3571 gemmae
912 3472 1055 3548 subitos
1064 3485 1269 3548 vertuntur
1278 3475 1321 3548 in
1333 3475 1452 3574 ignes:

424 3604 718 3705 Consistuntque
730 3607 830 3705 1000,
845 3610 966 3707 specie
978 3621 1195 3683 remanente
1208 3609 1381 3708 Coronae,
1401 3695 1403 3698 ,

427 3737 504 3825 Qui
517 3739 664 3815 medius
677 3741 843 3840 Nixique
856 3768 954 3842 genu
969 3755 1023 3816 est
1035 3743 1281 3840 Anguemque
1294 3744 1470 3818 tenentis.

470 3944 481 3974 ¹
505 3943 579 4001 Rieu
591 3945 629 4004 de
640 3947 709 4021 plus
723 3947 796 4006 ueuf
806 3959 835 4005 et
850 3947 886 4006 dc
898 3947 966 4023 plus
980 3948 1135 4027 iugdnieur
1147 3967 1206 4024 que
1219 3959 1293 4006 cette
1303 3951 1418 4022 peuste.
