3248 5336
410 527 485 604 566
526 545 613 600 nus
640 513 1087 598 usnuomosns
1113 543 1351 628 u’ovtuc,

412 691 460 765 Et
475 715 572 787 saepe
589 687 632 762 in
644 686 804 762 tumulis
816 685 900 760 sinc
915 713 1074 786 corpore
1086 696 1245 770 numina
1260 700 1345 797 legi.

412 821 517 898 Neve
532 832 645 892 tuum
661 817 778 890 fallax
791 817 966 892 animum
981 818 1122 894 fiducia
1134 835 1278 922 tangat,

411 948 527 1039 Quod
541 973 646 1022 socer
657 945 889 1044 Hippotsdus
901 945 976 1020 sibi
991 949 1062 1046 sit,
1075 953 1145 1047 qui
1161 978 1311 1028 carcere
1326 955 1445 1031 sortes

413 1083 614 1160 Continent
625 1089 781 1175 ventos3
796 1089 853 1175 et,
869 1079 959 1152 cium
974 1079 1088 1178 velit,
1104 1104 1258 1179 aequom
1272 1085 1407 1183 placet.

414 1214 513 1288 cum
530 1211 644 1286 semel
660 1209 788 1284 emissi
801 1220 1011 1284 tenuerunt
1025 1237 1178 1308 aequora
1192 1217 1321 1312 venti,

411 1343 477 1420 Nil
490 1343 566 1416 illis
578 1341 743 1415 vetitum
758 1349 835 1434 est3
851 1339 1233 1440 incommendataque
1246 1345 1360 1420 tellus
1376 1353 1386 1384 ¹

411 1475 570 1572 Omnis,
582 1485 620 1549 et
632 1499 746 1548 omne
757 1472 912 1548 fretum.
925 1473 1022 1548 Coeli
1035 1501 1190 1574 qnoque
1201 1479 1335 1552 nubila
1348 1494 1517 1576 vexant3

412 1609 701 1704 Excutiuntque
712 1605 801 1679 feris
817 1605 954 1679 rutilos
967 1606 1215 1680 concursibus
1231 1607 1347 1707 ignes.

412 1737 503 1825 Quo
518 1734 633 1834 magis
649 1735 718 1808 hos
733 1733 845 1831 novi,
861 1759 951 1806 num
963 1734 1076 1830 novi,
1090 1747 1128 1808 ct
1140 1761 1236 1834 saepe
1252 1735 1409 1835 paterni

411 1865 534 1940 Parva
547 1863 661 1938 domo
673 1863 776 1960 vidi,
791 1863 905 1960 magis
917 1862 990 1937 hoc
1004 1891 1090 1938 reor
1104 1893 1181 1940 esse
1194 1869 1395 1947 timendos.

412 1990 527 2078 Quod
544 2001 610 2064 tua
622 1991 654 2064 si
669 1990 770 2064 flecti
783 1989 958 2089 precibus
972 1994 1158 2068 sententia
1174 1997 1313 2092 nullis,

412 2125 527 2221 Cane,
542 2134 680 2222 potest,
696 2123 855 2219 conjux,
871 2123 1113 2222 nimiumque
1126 2151 1165 2199 es
1176 2138 1303 2202 cernis
1315 2126 1454 2224 eundi5

413 2251 476 2330 Me
492 2277 645 2351 quoque
656 2251 745 2324 tolle
759 2233 873 2324 simul
889 2279 897 2324 :
913 2255 1013 2325 certo
1026 2255 1251 2350 jactabimur
1262 2255 1360 2352 uni3
1419 2319 1428 2341 ,

412 2387 509 2484 Nec,
525 2387 599 2460 nisi
616 2411 701 2484 quae
715 2385 854 2483 patiar,
869 2395 1038 2458 metium
1055 2413 1063 2458 :
1078 2385 1295 2482 paritelque
1309 2385 1474 2460 feremus

412 2516 608 2618 Quicquid
621 2515 694 2590 c1it
709 2545 717 2590 :
731 2515 872 2614 puriter
886 2541 1001 2614 super
1014 2541 1167 2615 aequora
1178 2517 1251 2590 luto
1263 2515 1443 2626 feminum

476 2766 550 2844 XI.
578 2771 725 2843 Navem
742 2767 861 2840 invitd
876 2717 1032 2867 conjuge
1048 2767 1264 2840 conscendit
1281 2769 1392 2865 Ceyx.

462 3028 664 3105 Tfflnus
679 3029 847 3104 AEolidos
860 3029 972 3104 dictis
985 3029 1237 3128 lacrymisque
1252 3042 1428 3105 movetur

413 3159 588 3234 Sidereus
601 3161 763 3256 conjux:
776 3187 900 3258 noque
913 3151 1267 3260 enim'minorignis
1282 3163 1325 3236 in
1338 3161 1420 3259 ipso
1433 3172 1502 3234 est.

412 3285 486 3358 Sed
499 3313 624 3384 neque
635 3289 845 3387 propositos
860 3289 979 3388 pelugi
991 3273 1182 3364 dimittere
1195 3317 1346 3386 cursus,

413 3419 490 3493 Nec
501 3419 588 3494 vult
600 3419 831 3520 Halcyonem
845 3423 887 3497 in
900 3437 1045 3521 purtem
1059 3422 1238 3497 adhibem
1251 3423 1403 3521 pericli;

413 3551 609 3650 Multaque
621 3553 835 3652 respondit,
849 3555 1031 3630 timidum
1043 3556 1201 3629 solantia
1213 3567 1342 3654 pectus
1359 3581 1368 3627 :

458 3769 468 3800 ¹
492 3771 735 3826 Incommendata
742 3810 752 3839 ,
768 3769 925 3829 loconisme
938 3770 1098 3854 poetique:
1114 3789 1151 3828 eu
1168 3769 1245 3828 coici
1259 3771 1287 3828 le
1300 3785 1450 3827 commen-

416 3863 506 3948 taire,
520 3865 635 3941 d’uprds
643 3864 888 3939 l'iutcrprdtation
897 3867 934 3924 de
943 3865 1086 3932 Furuabe.
1096 3865 1190 3923 Nuud
1199 3865 1450 3922 commendatione

410 3961 542 4036 gaudem
555 3973 639 4018 term
645 4001 656 4031 ,
671 3962 816 4030 morione,
832 3981 869 4020 ne
880 3965 974 4020 ventis
986 3975 1143 4020 vexentur..
