3196 5346
443 561 511 634 17²
555 555 642 612 nus
672 527 1111 612 ndrnuonruosns
1141 555 1370 639 u’ovrus,

439 705 540 779 Sunt
551 705 650 780 mihi
663 707 712 780 Di
727 718 854 802 testes,
868 715 915 777 ut
930 702 1083 778 tandem
1096 703 1223 779 sanior
1231 690 1375 782 essem:

439 831 686 931 Pugnaviqne
698 832 767 908 diu
781 831 1162 928 violenta-Cupidinis
1176 859 1281 908 arma

438 956 609 1057 Effugere
621 958 773 1055 infelix;
793 970 830 1030 et
842 958 948 1055 plus,
964 959 1080 1055 quim
1093 957 1192 1034 ferre
1207 961 1373 1059 puellm

437 1088 549 1163 Posse
561 1103 691 1188 putes,
708 1068 774 1188 epo
786 1089 884 1164 dura
896 1089 984 1163 tuli.
1002 1091 1185 1188 Superata
1196 1089 1330 1164 faleri¹

438 1218 576 1315 Cogor,
595 1243 782 1316 opemque
798 1231 905 1292 tuam
919 1216 1066 1290 timidis
1079 1243 1278 1314 exposcere
1290 1222 1404 1293 votis.

438 1345 498 1420 Tu
517 1373 665 1424 servare
681 1361 807 1448 potes,
825 1361 870 1422 tu
885 1347 1042 1446 perdere
1055 1349 1156 1424 solus
1172 1359 1374 1424 umentem.

437 1477 539 1574 Elige
552 1491 684 1554 utrum
701 1479 823 1554 facias.
845 1479 932 1554 Non
948 1481 1021 1554 hoe
1034 1479 1192 1554 inimica
1206 1491 1398 1578 preoatur:

425 1604 509 1678 ,sed
523 1632 608 1703 quae
622 1610 710 1682 oiim
725 1609 796 1681 tibi
809 1608 859 1680 sit
871 1607 1127 1702 junctissima,
1141 1606 1308 1702 junctior
1320 1631 1398 1680 esse

438 1736 611 1835 Expetit3
631 1751 668 1813 et
684 1739 811 1813 vinclo
828 1750 953 1814 tecum
970 1739 1147 1836 propiore
1160 1735 1280 1834 ligeri.

437 1865 460 1940 J
463 1891 531 1940 ura
544 1893 650 1940 senes
666 1875 679 1904 ¹
697 1869 854 1944 norint:
871 1870 1012 1969 etquid
1028 1871 1232 1968 liceatque,
1245 1867 1455 1966 nefissque,‘

437 1998 579 2096 Fasque
591 2001 659 2099 sit,
673 2003 871 2101 inquirant
879 2034 890 2102 3
905 2005 1107 2104 legumque
1120 2003 1296 2080 examine
1308 2012 1485 2078 servent:

438 2133 676 2208 Conveniens
690 2135 821 2210 Venus
835 2147 891 2210 est
903 2137 1014 2210 annis
1030 2132 1228 2210 temeraria
1242 2131 1393 2206 nostris.
1441 2150 1445 2160 “

440 2259 542 2346 Quid
558 2261 687 2359 liceat,
704 2264 893 2338 nescimus
908 2263 1036 2338 adhuc
1057 2293 1065 2337 :
1084 2273 1121 2336 et
1136 2271 1271 2335 cuncta
1283 2258 1396 2334 licere

440 2391 637 2466 Credimus
654 2422 662 2466 :
679 2405 716 2468 et
732 2395 930 2492 sequimur
946 2419 1169 2492 magnorum
1185 2389 1356 2486 exemplu
1371 2389 1562 2464 Deorum.

438 2523 515 2598 Nee
531 2551 600 2599 nos
616 2539 682 2601 aut
694 2526 815 2620 durus
829 2538 956 2623 pater,
972 2535 1038 2598 aut
1054 2523 1267 2598 reverentia
1279 2520 1407 2618 iurum,

439 2655 517 2730 Aut
532 2658 648 2732 timor
660 2657 869 2754 impedient
884 2687 893 2732 :
908 2668 1059 2744 tantum
1075 2655 1172 2730 obsit
1183 2679 1294 2728 eausa
1305 2653 1482 2729 timendi.

438 2788 574 2862 Dulcia
590 2787 757 2862 fraterno
774 2791 846 2863 sub
859 2791 1016 2864 nomine
1028 2789 1130 2862 surda
1143 2799 1321 2886 tegemus.

439 2912 504 2986 Est
520 2911 618 2988 mihi
634 2914 785 2989 libertas
800 2928 928 2992 tecum
942 2929 1081 2990 secreta
1097 2914 1299 3012 loquendi:

440 3039 488 3112 Et
500 3037 632 3114 damus
646 3043 863 3140 amplexus,
881 3056 919 3116 et
930 3043 1123 3140 jungimus
1140 3043 1266 3118 oscula
1281 3067 1418 3118 coram.

441 3167 637 3253 Quantum
652 3184 725 3270 est,
742 3172 845 3270 quod
860 3173 979 3248 desit!
996 3175 1172 3248 miserere
1185 3173 1543 3274 utentisamorem,

440 3297 489 3370 Et
505 3324 583 3372 non
597 3299 769 3400 fassurae,
787 3305 863 3377 nisi
878 3317 1022 3401 cogeret
1033 3304 1194 3378 ultimus
1208 3301 1340 3376 ardor:

441 3427 543 3503 Neve
558 3455 723 3529 merere,
741 3457 827 3507 meo
840 3432 1027 3508 subscribi
1040 3455 1150 3506 causa
1162 3429 1346 3528 sepulcro.

486 3594 496 3624 ¹
523 3594 588 3664 Que
600 3591 629 3650 ln
637 3593 757 3670 passion
769 3606 813 3654 est
825 3595 982 3673 eloquente
992 3595 1066 3654 dnos
1077 3605 1151 3655 cette
1159 3594 1260 3652 lettre!
1274 3594 1379 3666 Qnelle
1388 3593 1476 3652 bien·

443 3692 544 3747 serore
557 3691 593 3749 de
606 3693 680 3768 style
693 3693 768 3753 dans
780 3695 877 3754 l'aven
890 3697 1063 3773 qu'srrsohe
1078 3693 1197 3752 'sBiblis
1211 3694 1241 3749 la
1254 3694 1384 3750 violence
1397 3691 1434 3750 de
1447 3695 1477 3751 ln

442 3786 532 3844 liivre
544 3787 597 3864 qui
609 3789 637 3845 la
649 3789 751 3849 brule!
766 3793 803 3849 Se
814 3794 932 3852 inuram
945 3795 1079 3870 quidem,
1094 3810 1249 3870 remusque
1261 3791 1411 3862 Farnrbe,
1423 3793 1479 3850 sed

443 3897 574 3940 coactam
587 3888 683 3944 amori
694 3888 999 3953 succubuissesatetur.

490 3986 503 4016 ³
525 3983 572 4040 Ao
583 3997 672 4045 oetate
685 3989 790 4046 suadet
789 3989 888 4064 fratri
891 4029 903 4064 ,
919 4002 951 4048 ue
959 3989 1033 4048 nihil
1043 3989 1082 4049 de
1094 3989 1203 4066 legibus
1215 3998 1300 4046 cum
