3226 5336
468 599 539 674 186
582 611 668 668 nas
695 579 1131 664 utrsnonrnosss
1161 604 1389 682 novius,

422 737 438 754 ⁴
463 756 547 829 Jam
560 749 686 825 solitos
699 756 861 846 poscunt
874 769 1008 818 cursus
1024 745 1266 842 populusque
1279 761 1474 846 paternum

464 885 562 960 Cum
576 909 636 956 mo
653 879 810 954 solliciti
822 877 944 976 proles
959 877 1149 974 Neptunia
1165 903 1256 950 voce

462 1015 619 1091 Invocat
630 1010 895 1108 Hippomenes.
913 1005 1130 1104 Cythereia,
1145 1032 1378 1104 comprecor,
1393 1007 1492 1080 ausis

462 1145 590 1242 Adsit,
606 1145 677 1240 ait,
694 1141 858 1215 nostris?
871 1153 928 1236 et,
946 1165 1041 1236 quos
1054 1139 1178 1235 dedit,
1198 1140 1351 1235 adjuvet
1365 1139 1479 1236 ignes.

462 1275 609 1354 Detulit
622 1297 714 1345 aura
726 1295 854 1365 preces
870 1268 916 1341 ad
931 1295 993 1342 me
1006 1295 1085 1342 non
1098 1268 1232 1342 invida
1243 1267 1418 1362 blandas3
1584 1337 1585 1370 p

462 1405 637 1500 Motaque
653 1425 759 1495 sum,
777 1398 911 1494 fateor3
928 1425 998 1472 nec
1014 1401 1095 1497 opis
1109 1427 1216 1474 mora
1227 1401 1335 1496 longa
1347 1398 1512 1472 dabatur.
1584 1383 1585 1434 ¹

510 1535 577 1607 Est
588 1557 690 1630 ager,
709 1529 896 1625 indigenae
908 1527 1161 1604 Tamasenum
1175 1531 1330 1603 nomine
1343 1529 1495 1624 dicunt,

459 1663 622 1738 Telluris
635 1660 782 1758 Cypriae
795 1685 880 1756 pars
894 1660 1057 1756 optima:
1072 1687 1187 1758 quem
1201 1659 1299 1740 mihi
1311 1659 1425 1757 prisci

459 1796 658 1872 Sacravere
674 1818 798 1887 senes,
818 1793 1044 1888 templisque
1056 1793 1228 1866 accedere
1242 1793 1371 1866 dotem

458 1926 564 2000 Hanc
577 1923 717 2020 jussere
731 1923 838 1996 meis.
857 1923 985 1995 Medio
999 1923 1095 1996 nitet
1108 1924 1220 1996 arbor
1234 1922 1276 1994 in
1289 1949 1400 2019 arvo,

457 2036 578 2128 Fulva
590 2077 734 2126 comam
743 2108 753 2148 ,
769 2049 878 2124 fulvo
890 2053 1004 2124 ramis
1012 2037 1282 2148 crepitantibus
1293 2078 1401 2126 auro.

456 2185 558 2292 Hine
571 2183 645 2257 tria
658 2181 753 2257 forte
767 2180 849 2254 mes
862 2183 1020 2256 veniens
1032 2181 1207 2281 decerpta
1221 2165 1388 2258 ferebam

456 2315 582 2390 Aurea
594 2341 707 2414 poma
722 2339 840 2388 manu
857 2341 865 2386 :
881 2312 1056 2410 nullique
1063 2313 1245 2412 videnda,
1263 2315 1340 2388 nisi
1351 2315 1447 2412 ipsi,

455 2447 719 2548 Hippomenen
731 2448 826 2545 adii3
845 2449 1052 2546 docuique,
1070 2451 1156 2548 quis
1170 2477 1261 2524 usus
1275 2450 1318 2524 in
1334 2449 1423 2523 illis.

592 2681 680 2758 XV.
708 2683 939 2756 Atalantam
957 2688 1073 2758 vineit
1086 2687 1356 2784 Hippomenes.

502 2893 651 2968 S1oNA
662 2889 763 2966 tubae
777 2891 974 2988 dederant3
990 2897 1079 2967 ciun
1092 2920 1238 2968 carcere
1250 2919 1395 2990 pronus
1407 2904 1557 2988 uterque
1569 2855 1585 2926 s

451 3018 615 3114 Emicat,
635 3028 671 3091 et
683 3043 871 3091 summam
884 3019 996 3092 celeri
1009 3019 1103 3116 pede
1118 3019 1211 3092 libat
1228 3045 1395 3092 arenam.

448 3151 561 3226 Posse
577 3164 686 3250 putes
702 3151 785 3226 illos
802 3152 898 3226 sicco
916 3153 1010 3228 freta
1023 3155 1152 3228 radere
1164 3181 1274 3252 passu
1292 3163 1320 3252 ¹,
1584 3117 1585 3202 i

450 3280 498 3354 Et
514 3282 641 3377 segetis
655 3307 756 3355 cante
770 3293 908 3356 stantes
921 3311 1141 3380 percurrere
1154 3285 1313 3392 aristas..

449 3407 644 3502 adjiciunt
657 3409 803 3483 animos
820 3411 952 3504 juveni
970 3412 1206 3510 clamorque,
1228 3411 1432 3508 favorque,
1515 3412 1520 3422 '

450 3533 647 3632 Verbaque
660 3534 874 3634 dicentum,
893 3537 1026 3636 Nunc,
1045 3566 1150 3613 nunc
1164 3539 1385 3612 incumbere
1400 3549 1553 3632 tempus.

473 3717 503 3762 '²
527 3733 581 3788 Les
596 3749 663 3790 vers
675 3732 712 3790 de
724 3731 834 3810 Virgile
849 3752 903 3792 sur
918 3735 947 3792 11
961 3754 1066 3794 oourse
1079 3735 1116 3794 de
1132 3737 1160 3794 la
1178 3736 1328 3815 guernere
1343 3733 1482 3805 Camillo,

449 3839 503 3888 ont
515 3831 610 3909 moins
621 3831 658 3888 de
671 3831 805 3908 legerett.

607 3973 654 4021 Illa
664 3974 710 4022 oet
718 3975 816 4024 intutu
825 3977 908 4042 κενεὴ
916 3995 964 4044 per
972 3995 1066 4028 summa
1077 3980 1175 4028 volaret

608 4053 739 4114 (lt-asaias,
751 4072 796 4104 aec
807 4066 900 4105 teneras
911 4073 981 4106 cursu
992 4058 1087 4108 Iasiae!
1096 4059 1187 4107 aristas.
