3226 5336
400 551 472 625 328
515 563 598 618 aas
626 527 1066 616 ubanuonnuosns
1098 557 1330 634 novius,
1439 549 1447 562 ·

396 711 482 786 Non
496 709 664 783 exauditi
677 707 894 795 rubuerunt
909 706 1090 802 uuiguine
1109 710 1217 783 vatis.

271 929 276 938 Ι
397 839 451 914 Αο
462 840 633 937 primum
646 837 822 910 attonitas
837 833 1048 907 etiamnum
1062 859 1154 907 vooe
1168 837 1355 932 canentis,

397 975 621 1048 Innumeras
631 971 821 1064 volucres,
833 993 1064 1064 anguesque,
1074 993 1282 1065 agmenque
1292 967 1479 1063 ferarum,

400 1101 590 1178 Maenades
604 1100 748 1198 Orphei
765 1098 922 1172 titulum
937 1099 1095 1194 rapubre
1110 1097 1260 1175 theani.

398 1230 493 1306 Inde
507 1228 711 1304 cruentatis
723 1237 929 1300 vertuntur
942 1225 984 1298 in
1000 1225 1154 1323 Orphea
1168 1225 1331 1322 dexnia3

395 1361 445 1434 'Et
457 1367 612 1456 ooeunt,
627 1372 673 1431 ut
688 1383 796 1452 aves,
811 1354 1010 1452 siquando
1027 1356 1111 1428 luoe
1125 1368 1320 1456 vagantem

396 1490 523 1564 Noctis
535 1513 644 1562 avem
658 1495 821 1558 oemunt
834 1513 842 1556 :
853 1494 1070 1580 structoque
1085 1485 1282 1580 utrimque
1296 1484 1461 1580 theatro,

396 1618 475 1690 Ceu
492 1615 678 1690 matutine
694 1639 829 1688 cervus
845 1614 1039 1710 periturus
1055 1613 1169 1686 arene
1185 1620 1218 1710 ¹,

393 1747 524 1820 Pmda
535 1771 672 1820 canum
685 1757 741 1819 est
753 1773 762 1818 z
773 1755 973 1841 vatemque
986 1755 1144 1840 petunt,
1157 1756 1196 1816 et
1207 1743 1342 1818 bonde
1354 1743 1500 1818 virenti

299 1944 306 1958 .
395 1878 611 1972 Conjiciunt
623 1875 792 1976 thyrsos,
810 1901 888 1948 non
901 1875 983 1950 haec
996 1875 1038 1948 in
1051 1897 1212 1948 munera
1224 1873 1352 1950 factos.

394 2007 463 2080 Hae
478 2007 618 2104 glebae,
633 2005 707 2078 illae
724 2004 895 2103 dereptos
911 2005 1044 2078 arbore
1056 2031 1199 2100 ramos,

394 2141 483 2214 Pera
498 2151 676 2236 torquent
689 2139 820 2214 silices.
835 2139 918 2214 Neu
931 2139 1055 2214 desint
1068 2140 1141 2214 tela
1153 2139 1295 2240 furori3

391 2269 501 2342 Fone
514 2269 627 2342 boves
640 2293 765 2362 presso
778 2267 997 2365 subigebant
1009 2261 1163 2344 vomere
1177 2282 1316 2372 terram
1330 2299 1341 2364 ;

392 2399 468 2472 Nec
483 2395 613 2494 procul
631 2395 747 2493 hane,
762 2396 884 2470 multo
900 2396 1068 2470 finctum
1085 2395 1222 2472 sudore
1238 2407 1433 2496 parantes,

393 2525 499 2600 Dura
515 2525 684 2626 lacertosi
698 2524 889 2599 fodiebant
905 2552 997 2600 arva
1011 2527 1157 2622 coloni3
1264 2593 1268 2602 .

392 2653 551 2750 Agmine
567 2660 636 2751 qui
652 2654 734 2726 viso
750 2651 921 2750 fugiunt,
940 2654 1139 2751 operisque
1155 2653 1382 2750 relinquunt

394 2783 510 2858 Arma
526 2786 586 2856 sui
604 2811 611 2856 :
627 2809 839 2881 vacuosque
852 2785 975 2879 jacent
989 2783 1156 2882 dispersa
1171 2809 1240 2882 per
1254 2808 1358 2882 agme

394 2911 637 3006 sarculaque,
655 2909 840 3006 rastrique
855 2935 1003 3007 g1uves,
1017 2909 1196 3007 longique
1211 2909 1364 3006 ligonee.

395 3041 490 3126 Quae
503 3051 586 3136 post
598 3039 713 3134 quim
726 3038 884 3134 rapuere
898 3037 1008 3134 sem,
1022 3063 1218 3134 cornuque
1231 3036 1370 3112 minaei

392 3169 579 3243 Divelldre
595 3171 730 3262 boves,
744 3167 790 3240 ad
807 3169 903 3241 vatis
917 3168 991 3241 sata
1007 3183 1225 3242 recurrunt.

391 3297 698 3394 Tendentemque
714 3323 867 3394 manus,
883 3309 919 3370 et
933 3299 974 3370 in
991 3298 1057 3371 illo
1072 3310 1241 3394 tempore
1254 3295 1427 3392 primum

392 3432 504 3504 Irrita
520 3429 726 3524 dicentem,
744 3453 813 3501 nee
830 3429 1033 3528 quiequam
1048 3455 1140 3506 voce
1157 3441 1396 3526 mouentem,
1487 3496 1489 3505 .

393 3561 582 3658 sacrilegae
595 3560 801 3656 perimunt.
818 3561 964 3658 Perque
978 3587 1121 3660 os,.pro
1133 3568 1146 3598 ¹
1159 3560 1347 3656 Juppiter!
1364 3559 1485 3660 illud,

437 3727 445 3756 ¹
471 3725 499 3781 A
510 3721 743 3796 l'empbithodtre
759 3724 795 3780 de
811 3725 922 3793 Rome,
940 3743 980 3782 on
996 3724 1092 3782 faisait
1109 3723 1271 3781 combattre
1289 3723 1316 3780 le
1333 3723 1427 3780 matio

392 3823 434 3877 les
446 3823 584 3878 animaux
594 3819 635 3876 du
648 3839 740 3894 pays,
753 3839 866 3878 comme
877 3822 917 3880 les
928 3821 1020 3892 cerss;
1031 3831 1060 3878 et
1071 3821 1097 3878 le
1110 3819 1170 3878 soir
1182 3820 1223 3876 les
1234 3819 1314 3876 bites
1325 3822 1428 3876 otran-

393 3919 493 3994 qires,
508 3935 620 3973 comme
634 3917 674 3974 les
688 3916 787 3992 tigres.

434 4017 445 4046 ²
468 3999 651 4070 uictamne
660 4017 760 4088 poue
772 4013 880 4071 dolon's
891 4025 918 4071 ee
928 4013 1291 4090 commuerationispum.
