3196 5346
445 539 517 616 144
560 555 644 611 nas
676 524 1119 610 nirauonruosas
1148 551 1375 633 n’ovrus,

440 702 650 800 Accipiam,
669 698 891 795 cunctisque
904 721 1033 772 meum
1046 696 1204 774 laetabile
1218 700 1360 776 iactum

440 817 510 905 ‘Dis
520 828 600 904 fore
612 827 759 903 confido
777 855 785 902 ε
802 826 833 900 si
847 825 933 924 quis
947 837 1074 902 tamen
1088 826 1269 932 Hercule,
1288 833 1421 930 siquis

369 991 380 999 “
441 961 550 1036 Forte
563 961 643 1034 Deo
657 959 846 1034 doliturus
860 957 951 1053 erit,
971 954 1057 1030 data
1068 959 1223 1055 praemia
1235 961 1358 1056 nolet,

438 1093 512 1168 sed
530 1093 710 1168 meruisse
725 1090 807 1164 dari
820 1093 929 1186 sciet,
948 1089 1169 1190 invitusque
1182 1092 1368 1189 probabit.

440 1221 638 1298 assensere
652 1223 723 1299 Dei
740 1251 747 1296 :
766 1223 909 1318 conjux
921 1246 1074 1318 quoque
1086 1222 1185 1318 regia
1198 1223 1279 1296 visa
1293 1234 1347 1294 est

440 1355 581 1428 Caetera
594 1380 674 1427 non
686 1353 802 1449 duro,
818 1352 916 1426 duro
932 1364 1058 1427 umen
1071 1354 1206 1427 ultima
1219 1354 1333 1427 vultu

328 1460 333 1472 ,
438 1486 547 1564 Dicta
560 1487 689 1560 tulisse
702 1485 825 1578 Jovis;
841 1511 954 1582 seque
967 1485 1173 1560 indoluisse
1187 1497 1365 1562 notatam.
1457 1559 1460 1568 λ

331 1594 334 1601 ’
438 1619 603 1717 Interea,
622 1617 888 1716 quodcumque
900 1617 975 1690 fuit
987 1619 1201 1715 populabile
1214 1619 1394 1714 flammae,

437 1745 624 1820 Mulciber
636 1746 854 1840 abstulerat3
873 1771 944 1818 nec
960 1745 1211 1844 cognoscenda
1225 1744 1407 1820 remansit

439 1872 613 1947 Herculis
627 1871 781 1970 effigies3
799 1898 869 1944 nec
882 1873 1085 1969 quicquam
1098 1874 1145 1947 ab
1158 1875 1318 1971 imagine
1330 1871 1494 1956 ductum

437 2003 568 2076 Matris
579 2001 709 2100 babet,
730 2015 954 2099 tantumque
966 2004 1072 2077 Jovis
1085 2001 1239 2100 vestigia
1254 2012 1388 2076 servat.

437 2129 564 2227 thue
577 2157 701 2206 novus
715 2157 883 2230 serpens,
899 2131 1019 2228 posita
1033 2157 1121 2204 cum
1136 2132 1232 2228 pelle
1244 2128 1408 2228 senectti,

435 2257 650 2334 Luxuriare
666 2261 778 2357 solet,
797 2261 1027 2358 squamisque
1043 2261 1167 2334 virere
1181 2259 1324 2334 recenti
1339 2266 1370 2356 ¹3

435 2383 518 2482 Sic,
535 2385 602 2459 ubi
615 2388 788 2460 mortales
803 2387 1031 2484 Tirynthius
1045 2388 1153 2462 exuit
1166 2401 1270 2462 arms
1278 2447 1289 2486 ,

436 2512 546 2588 Parte
559 2517 620 2589 sui
634 2518 788 2592 meliore
804 2518 921 2614 viget,
938 2521 1131 2616 majorque
1145 2520 1268 2594 videri

435 2641 578 2744 Coepit,
597 2657 634 2716 ct
645 2646 800 2743 augustat
814 2645 898 2718 fieri
909 2651 1088 2744 gravitate
1102 2650 1301 2725 verendus.

436 2770 560 2855 Quem
573 2785 678 2868 pater
692 2774 951 2870 omnipotens,
965 2779 1066 2852 inter
1079 2806 1169 2855 cava
1183 2781 1313 2855 nubila
1326 2795 1481 2882 raptum
1488 2843 1502 2884 ,

435 2898 668 2998 Quadriiugo
685 2928 802 2976 curru
817 2905 1052 2982 radiantibus
1068 2911 1202 2984 intulit
1213 2915 1333 2988 astris.

581 3097 629 3171 X.
658 3100 814 3172 Mutata
831 3104 871 3173 in
887 3107 1085 3178 mustelam
1104 3109 1323 3182 Gareathis.
1423 3055 1425 3064 v
1459 3203 1464 3212 1

482 3289 648 3366 Snnslr
665 3291 764 3368 Atlas
779 3289 940 3392 pondus.
956 3299 1086 3397 Neque
1095 3301 1462 3378 adhucSthenele'ius
1475 3307 1560 3381 iras
1595 3249 1596 3272 i

434 3419 603 3495 Solverat
616 3423 868 3522 Eurystheus,
884 3428 1091 3527 odiumque
1105 3433 1147 3504 in
1162 3433 1266 3528 prolc
1278 3443 1483 3530 paternum

434 3551 639 3626 Exercebat
651 3565 760 3627 atrox
776 3584 784 3627 :
799 3567 838 3628 at
850 3557 967 3654 longis
983 3560 1098 3633 anxia
1112 3562 1213 3632 curis

434 3679 578 3778 Argolis
591 3683 787 3783 Alcmene,
807 3699 961 3783 questus
977 3689 1046 3763 ubi
1057 3702 1173 3787 ponat
1185 3689 1320 3788 aniles,

475 3862 485 3893 ¹
507 3861 619 3930 oeldo,
633 3861 706 3919 dans
720 3873 794 3921 cette
809 3867 1013 3941 comparaison
1025 3868 1122 3926 buitta
1133 3871 1171 3927 de
1183 3871 1310 3948 virgile,
1323 3888 1465 3930 conserte

431 3973 464 4019 aa
477 3959 606 4018 muniere
618 3979 746 4036 propre,
760 3981 873 4022 comme
885 3965 996 4044 Virgile
1009 3985 1046 4024 en
1060 3967 1175 4026 imitant
1189 3968 1325 4028 llombre.
