3230 5348
684 809 965 1002 nere
1007 887 1079 1003 x,

363 1175 394 1252 I.
423 1180 543 1252 Nubit
558 1179 700 1276 Orpheo
714 1177 904 1249 Euridice.
921 1178 1055 1248 Morsu
1072 1181 1252 1273 serpentis
1267 1181 1402 1252 interit.

414 1309 582 1405 Orpheus
599 1307 817 1404 impetratd
841 1307 1005 1376 Plutone
1027 1309 1155 1378 uxoris
1172 1307 1331 1379 reditum
1351 1307 1415 1379 od

412 1460 577 1532 superos.

364 1623 488 1734 Ieme
504 1681 572 1754 per
585 1653 835 1750 immensum,
851 1679 980 1726 croceo
994 1653 1139 1728 velatus
1156 1659 1315 1753 amictu,

361 1790 458 1865 Aere
469 1786 694 1886 digreditur,
710 1785 970 1882 Ciconumque
982 1785 1213 1885 Hymenaeus
1226 1791 1272 1864 ad
1288 1818 1371 1866 oras

362 1917 522 2011 Tendit3
540 1927 577 1988 et
593 1913 745 2010 Orphei
762 1913 1014 2018 nequicquam
1031 1941 1121 1990 voce
1137 1929 1300 2016 rogatur.

361 2048 496 2122 Adfuit
508 2048 571 2120 ille
588 2045 743 2144 quidem
761 2075 769 2120 :
787 2043 849 2121 sed
868 2071 936 2120 nec
952 2047 1133 2122 solemnia
1149 2051 1282 2148 verba,

232 2251 234 2258 ,
361 2179 437 2254 Nec
451 2177 552 2250 laetos
566 2177 713 2270 vultus,
729 2202 799 2249 nce
814 2175 906 2250 felix
921 2179 1048 2252 attulit
1063 2205 1188 2256 omen.

361 2309 439 2384 Fax
455 2335 625 2406 quoque,
642 2336 757 2406 quam
770 2311 913 2406 tenuit,
927 2303 1135 2408 lacrymoso
1147 2311 1305 2386 stridula
1318 2311 1431 2386 fumo

362 2441 489 2539 Usque
504 2441 599 2538 fuit,
618 2441 819 2538 nullosque
836 2440 986 2514 invenit
1001 2441 1169 2515 motibus
1184 2444 1298 2542 ignes.
1610 2455 1611 2540 i

410 2551 544 2646 Exitus
558 2573 724 2671 auspicio
737 2573 885 2672 gravior
903 2603 910 2646 :
927 2599 1015 2647 nam
1031 2585 1152 2670 nupta
1167 2600 1236 2672 per
1251 2574 1387 2648 herbas
1610 2619 1611 2648 t

359 2705 463 2776 Dum
481 2730 597 2800 nova,
612 2703 799 2779 Neiadum
816 2703 928 2777 turbis
942 2703 1136 2800 comitata,
1150 2717 1325 2802 vagatur,
1610 2675 1611 2762 i

360 2832 509 2907 Decidit
522 2835 565 2906 in
583 2833 701 2906 talum
718 2833 901 2930 serpentis
918 2831 1031 2905 dente
1047 2843 1210 2929 recepto.

362 2964 487 3050 Quam
503 2963 589 3037 satis
601 2963 647 3036 ad
661 2989 813 3060 superas
826 2975 911 3061 post
924 2963 1040 3059 quiem
1053 2960 1296 3060 Rhodopeius
1309 2989 1422 3037 aures

361 3093 525 3168 Deilevit
541 3103 665 3187 vates;
681 3117 730 3164 ne
747 3118 826 3165 non
842 3103 1004 3165 tentaret
1018 3104 1055 3164 ct
1070 3091 1244 3188 umbras,

361 3227 421 3302 Ad
440 3227 548 3325 Styga
560 3227 732 3300 Taenariis
748 3240 803 3302 est
815 3256 927 3302 ausus
945 3199 1168 3302 descendere
1183 3227 1290 3324 portic
1306 3236 1330 3302 ¹.

361 3355 507 3450 Perque
520 3354 620 3428 leves
635 3361 647 3390 ¹
662 3354 839 3451 populos,
855 3355 1126 3451 simulacraque
1138 3351 1268 3426 functa
1281 3354 1488 3452 sepulcris,
1610 3355 1611 3364 ’

361 3483 626 3580 Persephonen
641 3481 653 3520 ³
670 3483 781 3581 adiit,
797 3479 1062 3580 inamoeneque
1078 3507 1190 3580 regna
1207 3496 1398 3558 tenentem

407 3685 415 3712 ¹
441 3680 514 3740 Pris
536 3681 578 3738 du
601 3680 805 3756 promontoire
824 3679 860 3738 de
879 3682 1012 3750 Tenere,
1033 3681 1106 3738 dans
1122 3682 1152 3738 le
1169 3681 1313 3749 Lacone,
1329 3681 1401 3738 etait

362 3801 422 3839 une
436 3800 561 3841 caverre
577 3784 701 3840 obscure
715 3795 743 3840 et
757 3783 921 3858 protende,
937 3801 995 3860 que
1008 3783 1069 3840 l’on
1084 3783 1197 3859 croyait
1210 3783 1238 3839 le
1249 3793 1336 3857 porte
1348 3781 1401 3839 des

362 3881 470 3938 enfrrs.

406 3987 418 4014 ¹
448 3981 571 4038 Umbras
583 3983 748 4057 corporibus
760 3995 899 4040 carentes.

404 4071 418 4110 ³
440 4079 626 4155 Persephone
639 4091 682 4136 est
694 4079 723 4136 la
736 4081 830 4140 meme
843 4099 901 4166 que
915 4079 1103 4156 Proserpine.
