3210 5368
463 535 511 630 78
580 546 666 605 sss
694 515 1136 600 uorsuosrnosrs
1166 541 1396 623 n’ovmo,

461 699 595 794 llobur
611 725 619 770 ε
635 707 673 770 et
686 707 732 769 ut
745 695 866 788 jussos
879 687 1052 764 crmctari
1064 689 1180 787 vidit,
1197 695 1244 766 ab
1257 721 1338 768 uno

461 829 592 904 Edidit
603 828 685 900 haec
698 823 804 922 repul
819 821 1019 895 sceleratus
1031 823 1148 895 verba
1164 825 1299 898 securi.

459 961 548 1039 Non
563 960 698 1034 dilecta
708 959 798 1033 Deae
811 955 956 1051 solum,
975 953 1039 1028 sed
1054 968 1091 1028 et
1103 956 1184 1053 ipsa
1199 958 1329 1030 licebit

458 1099 517 1171 sit
528 1099 626 1193 Dee,
643 1097 719 1191 jam
730 1101 856 1188 unget
867 1088 1069 1164 frondente
1082 1095 1278 1168 mcumine
1294 1107 1449 1173 tenum.

459 1229 571 1304 Dixit
587 1254 596 1299 ε
611 1236 666 1321 et,
685 1206 858 1319 obliquos
872 1219 967 1296 dum
980 1222 1100 1296 telum
1116 1224 1229 1316 librat
1241 1225 1283 1298 in
1300 1225 1418 1325 ictus,

458 1351 716 1447 Contremuit,
732 1351 991 1450 gemitumque
1006 1351 1113 1426 dedit
1127 1355 1245 1430 Deoia
1262 1363 1269 1394 ¹
1289 1385 1474 1454 quereus:
1533 1321 1540 1342 ⁹

457 1488 508 1563 Et
522 1483 663 1582 pariter
676 1475 847 1573 frondea,
864 1479 1007 1574 pariter
1023 1479 1221 1576 pallescere
1233 1484 1383 1581 glandes

457 1613 636 1712 Coeper03
654 1636 697 1682 ac
712 1608 814 1706 longi
829 1607 1010 1705 pallorem
1026 1609 1166 1684 ducere
1178 1615 1288 1689 rami.

457 1749 577 1842 Cujus
591 1755 636 1818 ut
649 1743 691 1815 in
703 1753 840 1814 trunco
857 1741 945 1814 fecit
957 1769 1094 1828 uranus
1110 1745 1228 1842 impia
1241 1746 1402 1843 vulnus3

457 1878 569 1955 Haud
583 1876 691 1950 aliter
702 1873 836 1968 fluxit,
852 1873 1187 1972 discussimus,
1203 1877 1371 1974 sanguis,

457 1991 586 2099 Qutun
598 2007 692 2080 solet
707 2017 904 2102 antestes,
922 2005 1054 2103 ingens
1067 2006 1135 2078 ubi
1150 2007 1303 2080 victima
1315 2019 1451 2080 taurus

454 2139 650 2235 Concidit,
668 2135 828 2234 abrupte
844 2161 958 2210 eruor
971 2163 992 2210 e
1005 2137 1150 2211 cervice
1165 2136 1353 2235 profusus.

452 2274 694 2372 Obstupuere
707 2297 837 2345 omnes
854 2299 862 2343 :
877 2269 1091 2368 aliquisque
1104 2239 1158 2342 ex,
1169 2271 1347 2343 omnibus
1363 2267 1479 2343 audet

453 2413 676 2489 Deterrere¹
693 2403 813 2500 nefas,
829 2429 1044 2500 saevaroque
1057 2401 1232 2476 inhibere
1249 2401 1462 2499 bipennim.

453 2539 598 2640 Aspicit
608 2538 736 2634 hunc,
755 2535 969 2630 Mentisque
984 2535 1058 2631 piae
1072 2531 1086 2572 ³
1100 2561 1188 2632 cape
1201 2535 1375 2632 praemia,
1394 2533 1499 2608 dixit

452 2675 653 2750 Thessalus
663 2674 798 2768 :inque
807 2671 938 2744 virum
951 2670 1139 2744 convertit
1150 2673 1197 2744 ab
1210 2673 1343 2744 arbore
1355 2669 1525 2768 ferrum,

450 2811 734 2904 Detmncatque
747 2812 876 2901 caput3
898 2803 1129 2900 repetitaque
1142 2802 1278 2875 robora
1292 2799 1414 2874 caedit.

450 2941 585 3044 Editus
598 2963 619 3010 e
635 2934 761 3011 medio
777 2959 892 3006 sonus
910 2945 965 3006 est
977 2960 1065 3005 cum
1080 2933 1215 3006 robore
1229 2930 1331 3004 talis:

499 3063 676 3169 Nympha
683 3061 832 3136 subhoc
838 3088 904 3160 ego
911 3088 1015 3159 sum,
1029 3064 1156 3137 Cereri
1163 3061 1387 3162 potissima,
1402 3059 1509 3158 ligno
1523 3091 1532 3138 :

450 3199 547 3286 Quae
559 3197 630 3271 tibi
643 3195 829 3270 factorum
846 3220 978 3292 poenas
991 3194 1131 3266 instare
1148 3204 1307 3265 tuorum

447 3323 643 3400 vaticinor
657 3323 843 3418 moriens,
861 3323 983 3395 nostri
996 3322 1125 3395 solatia
1136 3322 1216 3397 leti.

492 3507 502 3538 ¹
527 3509 622 3564 Deota
639 3505 751 3583 signifie
769 3503 829 3581 que
845 3523 878 3562 ce
897 3505 989 3562 chene
1005 3504 1076 3562 etait
1097 3506 1236 3563 consacre'
1253 3503 1271 3562 t
1288 3501 1394 3574 Ctree,
1412 3497 1488 3560 d’un

447 3622 573 3662 surnom
585 3621 654 3681 gree
665 3602 703 3659 de
716 3613 790 3658 cette
804 3600 914 3660 deesse.
930 3589 937 3600 ’

491 3707 505 3736 ⁸
526 3705 694 3770 Deterrere,
712 3702 791 3771 sive,
811 3714 918 3758 terrore
935 3701 1115 3757 dissuadere.
1139 3699 1253 3756 Soevam
1272 3697 1436 3774 bipennim‚
1454 3707 1487 3753 ue

398 3785 401 3792 Δ
442 3814 515 3881 pote
527 3821 595 3876 quce
606 3802 732 3858 cedebat
744 3818 879 3875 quercum
892 3811 1065 3877 gementem.

489 3893 502 3931 ³
525 3898 624 3955 Ironie
640 3899 738 3955 amere
755 3909 784 3955 et
800 3899 973 3972 passionnee
988 3915 1044 3971 par
1057 3895 1184 3976 laquelle
1197 3890 1349 3955 Erericton
1364 3889 1418 3948 fait
1432 3907 1492 3948 env

446 3998 549 4058 teodre
561 3999 588 4056 le
600 3998 747 4058 contraire
759 3997 796 4056 ‹le
808 4017 841 4056 ce
852 3997 925 4074 qu'il
939 3999 1060 4054 erronee.
