3230 5348
440 605 508 701 174
553 623 638 680 aas
665 591 1101 675 udrauouruosrs
1131 595 1361 696 moveor,

482 761 587 836 Talia
600 757 853 857 nequicquam
869 765 878 795 ¹
895 769 1130 856 perarantem
1146 759 1257 856 plena
1273 759 1428 858 reliquit

433 897 527 970 Cera
539 915 697 968 manum
709 913 973 988 :summusque
987 889 1028 964 in
1034 892 1201 988 margine
1209 919 1340 967 versus
1347 895 1519 970 adhaesit.

434 1031 613 1108 Protinus
626 1028 805 1127 impressi
817 1028 936 1125 signat
949 1054 1018 1102 sua
1030 1028 1190 1102 crimina
1206 1033 1369 1128 gemmei,

433 1169 559 1257 Quam
571 1165 689 1241 tinxit
701 1163 876 1262 lacrymis
893 1188 903 1238 ε
917 1163 1085 1261 linguam
1099 1163 1284 1239 defecerat
1298 1165 1442 1238 humor
1456 1172 1483 1240 ¹.

433 1309 565 1402 Deque
579 1304 655 1378 suis
670 1327 792 1376 unum
806 1300 957 1376 famulis
973 1303 1197 1400 pudibunda
1210 1305 1379 1378 vocavit:

432 1447 481 1522 Et
493 1439 676 1543 pavidum
688 1437 873 1536 blandita,
893 1439 963 1514 Fer
979 1440 1065 1539 has,
1081 1439 1282 1539 fidissime,
1300 1453 1450 1537 nostro,

407 1603 410 1610 ’
432 1575 565 1671 Dixit,
584 1585 621 1646 et
633 1570 765 1667 adjecit
782 1583 866 1668 post
881 1569 992 1668 longo
1005 1584 1193 1670 tempore,
1211 1571 1320 1646 fratri
1335 1569 1361 1645 ⁸.

432 1715 531 1790 Ciam
544 1709 665 1804 daret,
684 1705 815 1804 elapsae
832 1708 1009 1782 manibus
1023 1707 1189 1782 cecidere
1206 1707 1361 1782 tabellae.
1473 1791 1476 1794 ,

432 1851 573 1924 Omine
584 1844 733 1915 turbata
745 1853 799 1914 est
815 1872 823 1915 ε
839 1843 944 1916 misit
960 1856 1100 1918 tamen.
1116 1843 1215 1941 Apta
1229 1843 1404 1917 minister

430 1983 619 2078 Tempora
631 1990 785 2076 nactus,
800 1979 899 2078 adit,
915 1979 1108 2077 traditque
1126 1979 1281 2053 latentia
1295 1981 1423 2053 verba.

428 2097 626 2194 'Attonitus
639 2114 763 2188 subiti
778 2117 931 2210 juvenis
944 2117 1176 2190 Maeandrius
1191 2117 1263 2212 ira,

430 2251 586 2349 Projicit
599 2261 782 2347 acceptas,
801 2248 896 2322 lecti
911 2249 984 2322 sibi
997 2261 1121 2347 parte,
1141 2249 1309 2322 tabellas:

430 2388 583 2486 Vixque
596 2411 731 2460 manus
750 2383 917 2458 retinens
931 2384 1154 2483 trepidantis
1169 2387 1216 2459 ab
1232 2413 1297 2459 ore
1309 2382 1494 2480 ministri,

431 2523 535 2596 Dum
545 2507 653 2614 licet,
670 2519 713 2591 d!
730 2518 856 2592 vetite
868 2517 1042 2590 scelerate
1056 2517 1228 2591 libidinis
1240 2530 1389 2612 auctor,

431 2654 580 2752 Effuge,
595 2653 647 2724 ait
664 2681 671 2724 :
687 2653 776 2748 qui,
796 2653 827 2725 si
842 2665 1015 2726 nostrum
1030 2665 1097 2725 tua
1113 2652 1186 2725 sata
1202 2651 1389 2748 pudorem

430 2785 516 2859 Non
531 2782 725 2856 traherent
739 2805 886 2874 secum,
903 2806 1033 2876 poenas
1048 2779 1146 2853 mihi
1163 2794 1284 2854 morte
1300 2778 1475 2854 dedissea

429 2917 498 2990 lile
511 2916 605 3012 fugit
617 2912 778 3010 pavidus
792 2941 799 2985 :
816 2911 1057 3010 dominaeque
1072 2913 1210 2988 ferocia
1223 2915 1345 2988 Cauni

475 3117 484 3147 ¹
510 3113 594 3170 Nihil
609 3111 685 3166 enim
701 3107 875 3184 profuerunt
885 3129 991 3184 preces
1008 3112 1070 3166 illoe
1092 3113 1192 3168 litteris
1206 3124 1357 3190 peraratoe
1365 3153 1376 3181 ,
1396 3113 1468 3186 quia

425 3215 526 3293 potiris
539 3212 700 3286 obfuerunt.

473 3331 486 3362 ¹
508 3329 548 3384 Ce
562 3325 725 3402 symptdme
742 3324 778 3381 de
796 3325 926 3384 l'ardeur
944 3325 1087 3386 fievreuse
1100 3327 1137 3384 de
1153 3328 1259 3396 Bibas,
1272 3339 1317 3385 est
1330 3347 1372 3386 un
1388 3346 1467 3402 eoup

431 3427 468 3484 de
480 3427 604 3500 pineeau
617 3423 695 3498 plain
708 3423 744 3480 de
758 3423 850 3480 verite
864 3433 892 3480 et
905 3425 941 3482 de
954 3425 1046 3483 soree.
1063 3426 1110 3482 On
1124 3429 1307 3502 yreconnait
1319 3427 1347 3481 la
1360 3425 1472 3516 tonehew

430 3527 504 3585 d'un
517 3525 612 3602 grand
626 3529 740 3581 meiere.

474 3635 487 3672 ³
510 3641 591 3696 cette
603 3639 802 3714 in'terruption
812 3641 893 3716 paint
906 3643 934 3698 la
948 3653 1054 3700 nature
1065 3642 1142 3718 prise
1155 3661 1207 3699 sur
1219 3643 1246 3700 le
1259 3642 1311 3698 fait
1324 3659 1395 3698 avec
1408 3661 1468 3699 une

375 3807 380 3816 Ι
430 3741 546 3798 naivetd
557 3738 609 3813 qui
620 3739 727 3795 semble
741 3740 833 3798 n’dtre
846 3761 899 3816 pas
911 3741 1026 3800 donnee
1037 3743 1054 3800 i
1065 3744 1141 3801 l'art.
1156 3745 1203 3800 On
1216 3762 1253 3798 ne
1265 3753 1371 3798 trouve
1381 3744 1467 3817 point

431 3841 591 3914 d'exemple
610 3839 699 3896 d'une
717 3842 836 3914 pareille
856 3846 1031 3918 suspension
1052 3845 1170 3902 ailleure
1188 3863 1246 3920 que
1266 3843 1339 3900 dans
1359 3846 1466 3902 Ovide.

430 3938 505 3994 Rieu
525 3937 623 3994 n'dtait
642 3937 665 3992 si
687 3937 803 3998 difficile
823 3961 881 4016 que
900 3943 936 3998 de
956 3955 1142 4022 transporter
1161 3945 1234 4001 dans
1254 3956 1339 4001 notre
1357 3945 1466 4021 langue

430 4051 503 4096 celte
518 4051 663 4095 tournnre
677 4039 756 4095 vraie
770 4051 798 4096 et
813 4041 990 4118 ingdnieuse.
