3178 5312
414 551 1451 590 Q

717 733 997 885 Lissn
1038 769 1149 888 xl.

559 1041 590 1116 Ι.
621 1044 808 1141 Orpheum
824 1041 1065 1114 Bacchantes
1082 1039 1307 1140 discerpunt.

281 1247 284 1252 ’
418 1218 649 1336 Cluuius:
665 1260 761 1334 dum
774 1258 840 1333 tuli
853 1256 983 1356 silvas,
998 1258 1218 1356 animosque
1230 1255 1396 1332 ferorum

412 1389 613 1463 Threicius
625 1400 747 1485 vates,
763 1399 800 1462 et
812 1415 901 1463 saxa
913 1387 1109 1486 sequentia
1120 1389 1245 1486 ducit3

412 1518 505 1592 Ecce
521 1525 529 1555 ¹
549 1543 671 1590 nurus
685 1517 890 1617 Ciconum,
905 1530 1011 1594 tecue
1023 1519 1218 1620 lymphata
1229 1519 1360 1594 ferinis

411 1649 565 1722 Pectora
578 1647 801 1746 velleribus,
816 1647 960 1723 tumuli
972 1646 1020 1720 de
1032 1647 1173 1722 verlice
1186 1657 1347 1720 cernunt

411 1777 583 1874 Orphea,
597 1777 782 1876 percussis
795 1779 997 1852 sociantem
1011 1778 1178 1852 carmine
1190 1775 1331 1850 nervis.

411 1909 442 1981 1:
456 1908 595 2004 quibus
609 1915 707 2001 uns',
721 1909 844 1982 levem
857 1911 990 2002 jactato
1003 1906 1109 1980 crine
1120 1931 1189 2002 per
1200 1929 1351 2009 suram,

412 2019 497 2129 En·,-
507 2033 579 2130 ait,
597 2039 610 2070 ¹
622 2055 671 2106 en
684 2033 749 2106 hic
762 2045 817 2106 est
830 2029 950 2104 nostri
963 2043 1172 2106 contemtor
1186 2049 1197 2105 ἐ
1212 2015 1404 2106 ethanim

411 2161 515 2236 Vatis
530 2161 720 2258 Apollinei
732 2161 875 2234 vocalia
888 2160 993 2232 misit
1006 2161 1048 2232 in
1062 2185 1150 2255 ors,

411 2295 507 2380 Quae
520 2291 620 2366 foliis
633 2303 794 2388 praesuts
806 2300 935 2363 notam
949 2289 1031 2361 sine
1043 2287 1204 2362 vulnere
1214 2286 1303 2382 fecit
1316 2283 1343 2362 ³.

409 2423 576 2496 Alterius
589 2421 709 2494 telum
722 2420 816 2518 lapis
830 2431 906 2493 est:
922 2418 991 2516 qui
1003 2417 1159 2515 missus,
1174 2415 1216 2490 in
1229 2417 1311 2515 ipso

411 2548 508 2626 A'ere
525 2560 713 2624 concentu
729 2551 853 2622 vic'tus
867 2547 1047 2644 vocisque
1062 2546 1231 2646 lyrasque
1246 2557 1321 2640 est,

411 2681 465 2754 Ac
481 2680 603 2754 veluti
619 2680 779 2777 supplex
795 2705 865 2776 pro
880 2690 955 2754 tam
972 2678 1172 2752 fruislibus
1188 2679 1307 2774 ausis,

410 2813 510 2886 Ante
527 2807 638 2907 pedes
653 2809 783 2906 jacuit.
804 2807 874 2882 Sed
893 2808 996 2882 enim
1011 2807 1208 2884 temeraria
1224 2816 1395 2880 crescunt

410 2937 512 3010 Bella
529 2966 536 3010 :
552 2936 764 3034 modusque
777 2935 890 3034 abiit,
905 2938 1112 3032 insanaque
1124 2946 1252 3034 regnat
1264 2932 1441 3031 Erynnis.

410 3070 629 3166 Cunctaque
643 3067 715 3142 tela
728 3067 853 3142 forent
865 3077 979 3140 cantu
992 3063 1159 3138 mollita:
1176 3062 1240 3136 sed
1253 3065 1383 3160 ingens

411 3197 578 3294 Clamor,
595 3207 633 3269 et
644 3193 776 3268 inflato
788 3193 1037 3292 Berecynthia
1051 3193 1146 3267 tibia
1159 3219 1298 3290 cornu,

410 3325 701 3423 Tympanaque‚
716 3323 961 3423 plaususque,
978 3335 1015 3398 et
1030 3323 1187 3398 Bacchei
1199 3323 1366 3397 ululatus

409 3453 663 3551 Obstrepuere
680 3479 772 3527 sono
787 3454 954 3530 cithares.
971 3453 1073 3531 Tum
1085 3453 1251 3552 denique
1266 3454 1354 3526 suxi

453 3619 464 3650 ¹
489 3614 572 3674 Ceus
585 3615 727 3691 particule
745 3616 844 3676 donne
862 3637 902 3676 su
916 3637 982 3676 vers
998 3637 1041 3678 un
1057 3627 1248 3678 mourement
1264 3615 1407 3694 anologne
1423 3617 1440 3672 t

411 3710 583 3786 l'irruption
597 3709 741 3770 soudsine
752 3710 803 3769 des
817 3713 968 3772 Menecles.

451 3813 466 3844 ¹
486 3812 528 3868 Ls
542 3810 757 3886 reduplication
771 3813 901 3890 exprime
913 3815 941 3872 le
954 3813 998 3871 cri
1010 3813 1112 3889 repete
1123 3813 1160 3870 de
1172 3813 1201 3870 ls
1211 3809 1382 3868 Bacchante.

451 3903 992 3992 ³Lethyrseetaitunedemi-pique
1006 3908 1444 3986 enrreucsedepampreetds

410 4003 508 4067 tiene.
1581 3999 1582 4030 ³
