3248 5336
426 544 500 648 596
543 561 628 620 uns
657 535 1094 620 niranoarnosns
1122 561 1361 646 nomos,
1598 563 1602 714 t

648 821 786 896 XVII.
821 821 984 894 AEsacus
1002 823 1043 894 in
1060 823 1250 921 Mergum.

471 1084 565 1158 Hos
578 1081 714 1182 aliquis
728 1080 871 1176 senior,
887 1079 1033 1154 cusum
1046 1075 1141 1154 freta
1154 1080 1228 1156 lata
1244 1083 1438 1184 volantes,

424 1219 594 1316 Spectat:
611 1215 707 1292 etad
722 1215 840 1290 finem
855 1223 1020 1288 servatos
1033 1213 1162 1286 laudat
1177 1240 1335 1290 amores.

426 1352 653 1448 Proximus,
671 1361 738 1424 aut
749 1348 872 1446 idem,
891 1347 924 1420 si
939 1344 1017 1420 fors
1029 1345 1137 1444 tulit,
1153 1345 1225 1422 Hic
1240 1371 1414 1446 quoque,
1428 1345 1547 1446 dixit,

424 1482 549 1570 Quem
562 1501 665 1554 mare
673 1490 909 1576 carpentem,
920 1475 1195 1576 substrictaque
1206 1501 1319 1552 crura
1329 1491 1537 1576 gerentem,

424 1609 593 1708 Aspicis,
610 1607 831 1706 (ostendens
845 1605 1052 1706 spatiosum
1061 1617 1214 1704 guttura
1226 1631 1395 1704 mergum
1405 1606 1444 1706 ‚)

424 1737 536 1835 Regia
549 1738 770 1836 progenies:
787 1751 845 1833 et,
861 1739 893 1811 si
906 1736 1130 1812 descendere
1146 1735 1335 1834 adipsum
1386 1721 1388 1724 ⁵

425 1863 572 1940 Ordine
588 1877 772 1964 perpetuo
787 1866 948 1964 quaeris,
966 1877 1057 1938 sunt
1071 1865 1189 1961 hujus
1205 1867 1321 1964 origo,

424 1994 503 2068 llus
521 2005 559 2068 et
571 1993 791 2093 Assaracus,
806 2007 1013 2094 raptusque
1025 1995 1113 2069 Jovi
1129 1992 1370 2095 Ganymedes
1384 2001 1417 2092 ¹,

423 2123 716 2224 Laomedonque
731 2151 867 2223 senex,
886 2124 1135 2224 Priamusque
1149 2125 1357 2202 novissima
1368 2125 1495 2224 Trojae
1604 2181 1605 2244 ἦ

423 2257 610 2358 Tempora
623 2259 790 2334 sortitus.
809 2259 940 2334 Frater
955 2257 1033 2333 fuit
1048 2257 1221 2334 Hectoris
1234 2260 1323 2358 iste;

307 2441 314 2458 .
422 2391 524 2488 Qui,
540 2393 617 2468 nisi
629 2392 803 2468 sensisset
815 2391 941 2491 primi
956 2417 1056 2468 nova
1068 2391 1338 2491 fata-juventa,

425 2517 597 2592 Forsitan
606 2517 776 2592 ¹inferius
789 2543 869 2592 non
884 2518 1045 2592 Hectore
1057 2544 1199 2594 nornen
1213 2519 1389 2616 haberet3

424 2643 610 2733 Quamvis
624 2655 680 2719 est
692 2645 803 2720 illum
818 2645 941 2744 proles
954 2645 1067 2721 enixa
1082 2649 1296 2746 Dymantis.

423 2777 583 2850 AEsacon
600 2775 779 2850 umbrosa
789 2774 926 2850 furtim
940 2777 1148 2876 perperisse
1165 2775 1318 2886 subidit

420 2909 557 2983 Fertur
570 2908 793 3007 Alexirhot‚
808 2909 973 2984 Granico
985 2921 1073 2982 nata
1085 2887 1248 2983 bicorni.

423 3039 564 3115 Oderat
579 3038 644 3112 hic
656 3039 769 3114 urbes
787 3068 795 3113 ε
811 3037 1008 3138 nitidique
1021 3052 1190 3116 remotus
1206 3039 1254 3112 ab
1268 3037 1357 3112 aulai

420 3171 587 3242 secretos
600 3183 766 3268 montes,
782 3182 819 3244 et
835 3170 1076 3246 inambitiosa
1088 3151 1233 3244 colebat

422 3295 526 3370 Rura
543 3328 551 3372 :
570 3325 640 3372 nec
656 3299 787 3374 Iliacos
800 3313 939 3399 coetus,
954 3301 1031 3376 nisi
1043 3327 1170 3394 rarus,
1188 3297 1328 3373 adibat.

422 3426 507 3500 Non
520 3439 658 3524 agreste
671 3439 819 3528 tamen,
835 3453 906 3503 nec
922 3429 1216 3530 inexpugnabile
1231 3425 1367 3502 Amori

424 3557 559 3631 Pectus
573 3557 738 3658 babens,
759 3559 871 3633 silvas
886 3573 1068 3659 captatam
1085 3584 1182 3658 saepe
1198 3583 1266 3657 per
1279 3578 1410 3628 omnes
1419 3612 1432 3651 ,

469 3799 478 3827 ¹
501 3797 564 3850 Ilus
576 3810 604 3852 er
612 3799 774 3854 Assaracus
785 3811 814 3854 et
823 3795 1194 3871 Gam'medesfitiisuerunt
1206 3793 1287 3850 Trois
1293 3833 1304 3862 ,
1318 3792 1464 3862 Troyimo-

428 3909 491 3944 rum
506 3891 589 3964 regn.
607 3893 777 3949 laomedon
792 3895 863 3951 vere
879 3893 993 3968 illisuit
1001 3885 1108 3968 filius,
1126 3911 1163 3947 oc
1181 3891 1296 3946 Priami
1304 3883 1412 3965 pater,
1433 3899 1468 3944 ’ἲ

426 3987 494 4045 cim
510 4009 548 4049 er
563 3991 631 4048 ati'rlr
634 3994 790 4068 permultis
796 4035 808 4066 ,
821 3994 881 4054 uim
894 4014 933 4054 ex
946 3997 1074 4061 Homero
1085 3991 1184 4071 (φατὲ
1195 3993 1344 4068 colligitur.
