3252 5348
443 571 491 648 42
559 586 644 643 ars
672 558 1116 642 niranournosss
1143 583 1379 662 u’ovmr,

490 739 597 815 Misit
612 751 649 812 et
660 735 859 811 AEsonides
870 733 1038 830 jaculum
1055 733 1182 832 :qnod
1198 761 1304 810 meus
1318 737 1368 810 ab
1383 737 1457 810 illo

441 870 566 946 Vertit
578 872 621 946 in
633 869 818 945 immeriti
828 867 951 942 samm
962 866 1152 963 latrantis,
1166 880 1226 964 et,
1240 868 1343 942 inter
1357 875 1367 905 ⁸

440 1001 513 1078 Ilia
526 1003 755 1098 conjectum,
770 999 906 1072 tellure
921 1023 990 1096 per
1005 997 1072 1070 ilia
1086 997 1211 1072 fixum
1223 1011 1291 1073 est.

489 1133 541 1206 At
553 1157 690 1208 manus
701 1129 859 1205 OEnidae
871 1136 887 1167 ²
899 1129 1021 1202 variat
1034 1156 1043 1200 :
1058 1127 1257 1226 missisque
1270 1127 1442 1228 duabus,

442 1261 558 1343 Hasta
570 1261 677 1360 prior
689 1261 810 1358 terra,
827 1259 955 1335 medio
966 1261 1070 1332 stetit
1084 1260 1200 1333 altera
1211 1273 1326 1360 tergo.

441 1391 519 1468 Nec
531 1417 637 1466 mora
653 1418 662 1464 :
676 1389 772 1465 dum
784 1391 911 1486 saevit,
926 1389 1022 1462 dum
1033 1415 1190 1488 corpora
1200 1402 1325 1464 versat
1337 1391 1380 1463 in
1392 1391 1556 1488 orbem,

442 1519 750 1618 stridentemque
765 1545 870 1593 novo
882 1543 1058 1617 spumam
1069 1543 1160 1592 cunr
1172 1519 1353 1616 sangnine
1366 1516 1499 1592 fundit
1505 1551 1519 1616 3

442 1654 622 1731 Vulneris
635 1665 768 1727 auctor
782 1653 887 1727 adest
901 1652 1147 1750 :hostemque
1158 1652 1284 1726 irritat
1294 1651 1342 1724 ad
1354 1651 1472 1749 iram,

363 1777 371 1796 χ
442 1785 723 1886 Splendidaque
736 1786 913 1860 adversos
925 1786 1113 1858 venabula
1124 1785 1254 1860 ooudit
1266 1787 1310 1860 in
1321 1811 1462 1862 armos.

442 1915 591 1990 Gaudia
603 1925 789 1988 testantur
801 1915 894 1988 socii
907 1913 1070 1986 clamore
1084 1913 1271 2012 semndo,

441 2049 722 2151 victricemque
736 2061 873 2148 petunt
885 2049 1030 2123 dextrae
1042 2051 1270 2147 conjungere
1282 2047 1457 2125 dextram
1474 2079 1484 2124 :

443 2180 730 2278 immanemque
746 2179 872 2256 ferum
887 2181 1008 2256 multi
1023 2181 1159 2254 tellure
1172 2183 1377 2278 jacentem,

442 2312 623 2388 Mirantes
637 2325 806 2412 spectant
820 2344 830 2389 :
844 2341 970 2414 neque
985 2313 1111 2388 adhuc
1126 2314 1343 2412 contingere
1355 2325 1487 2388 tutum

444 2448 532 2524 Fsse
543 2463 700 2551 putant3
715 2453 779 2528 sed
793 2454 867 2528 tela
879 2467 1006 2528 tamen
1020 2479 1089 2528 sua
1100 2453 1264 2551 quisque
1275 2461 1489 2526 cruentant.

442 2695 517 2772 IX.
553 2701 787 2775 Conmmelr'a
817 2703 999 2804 affictam
1028 2705 1054 2775 ὰ
1085 2705 1207 2776 Toxeo
1238 2715 1278 2775 et
1305 2703 1495 2800 Plexippo

627 2829 861 2902 Atalantam
882 2831 1082 2928 Meleager
1102 2835 1304 2906 ulciscitur.

494 3065 615 3164 iren,
630 3066 726 3165 pede
742 3069 941 3168 imposito,
957 3082 1071 3170 caput
1082 3074 1274 3148 exitiabile
1287 3072 1300 3113 ³
1315 3073 1475 3172 pressit-3

444 3191 571 3290 Atque
584 3193 657 3290 ita,
677 3195 792 3270 Sume
805 3196 882 3270 mei
895 3198 1081 3295 spolium,
1095 3199 1299 3295 Nonacria,
1313 3198 1457 3296 juri³⁴‚

445 3317 556 3393 Dixit
573 3349 581 3395 :
597 3331 635 3392 et
648 3320 691 3394 in
705 3333 851 3419 portem
862 3323 993 3398 veniat
1004 3323 1104 3398 mihi
1117 3325 1233 3423 gloria
1245 3337 1384 3400 tecum.

490 3517 500 3548 ¹
526 3519 683 3590 Immeriti,
701 3518 829 3594 epithtte
847 3518 885 3577 de
901 3519 989 3577 choix
1005 3518 1059 3595 qui
1076 3518 1215 3580 interesse
1234 3539 1275 3580 au
1290 3519 1428 3578 mlheur
1439 3518 1486 3580 dn

445 3610 559 3682 limier,
573 3615 690 3674 victime
703 3617 776 3674 d’uu
789 3616 899 3676 hanni
911 3617 1038 3678 suante.

489 3717 504 3746 ¹
526 3715 690 3792 ΜέΙόιςιτ,
703 3713 750 3774 fitz
763 3713 909 3774 d‘ornte.

489 3801 503 3840 ³
526 3809 683 3870 Eritiabr'le
689 3851 700 3882 ,
715 3811 797 3888 quod
806 3813 903 3870 mum}
914 3813 998 3870 exsu'a'
1007 3814 1217 3886 wasser-at.

489 3903 507 3950 ⁴
527 3906 657 3982 Sporum
676 3910 758 3987 quod
766 3911 838 3982 jure
853 3911 918 3988 ipro
936 3911 1010 3968 milri
1026 3913 1155 3972 detera.
1172 3912 1274 3988 Spolia
1286 3909 1357 3971 νενὸ
1363 3908 1491 3988 ρωρπῖ

451 4003 601 4078 dieuco,
616 4027 685 4085 μω
695 4007 825 4070 matu
838 4009 1037 4073 amm.
