3230 5348
444 570 516 650 188
557 587 642 647 ens
669 557 1114 646 eternonrnoses
1143 586 1379 668 promen,

440 735 577 812 Cultus
592 747 670 810 emt
683 735 793 834 pueri
810 733 960 829 :facien
976 759 1092 831 quam
1105 734 1186 809 sive
1201 739 1356 836 puellm,

441 863 531 938 Sive
544 863 652 940 dares
667 891 806 963 puero,
820 863 928 940 fieret
941 861 1127 938 formosus
1143 879 1316 966 uterque.

488 995 639 1072 Tertius
655 999 797 1072 interea
810 996 957 1070 decimo
972 1008 1195 1068 sumserat
1210 1023 1352 1094 annue,

440 1131 538 1204 Ciun
555 1143 678 1228 peter,
693 1130 801 1228 Iphi,
816 1130 886 1203 tibi
899 1129 1037 1202 flavam
1053 1128 1262 1226 despondet
1275 1130 1466 1228 lanthen5

439 1259 545 1333 Inter
560 1261 785 1334 Phaestiadas
799 1286 885 1356 quae
897 1259 1152 1333 laudatissima
1164 1258 1295 1334 sormae

439 1389 537 1465 Dore
550 1388 625 1462 fuit
639 1389 765 1487 virge,
779 1390 923 1464 Dietaeo
936 1401 1023 1463 nata
1038 1389 1197 1464 Teleste.

441 1517 513 1590 Par
527 1529 631 1612 etas,
645 1543 713 1614 per
724 1517 845 1592 forma
858 1516 933 1590 fuit
949 1547 958 1591 :
972 1517 1189 1616 primaeque
1204 1517 1395 1616 magistris

440 1647 626 1744 Aooepere
639 1662 753 1744 artes,
769 1651 952 1724 elementa
967 1649 1105 1745 aetatie,
1122 1651 1169 1722 ab
1180 1647 1313 1722 isdem.

440 1773 542 1848 Hine
556 1802 662 1850 amor
674 1779 871 1852 ambarum
886 1779 1007 1877 tetigit
1019 1779 1115 1852 rude
1126 1775 1274 1877 pectus,
1290 1788 1327 1850 et
1340 1803 1501 1876 aequum

440 1906 592 1984 Vulnus
606 1911 760 2008 utrique
775 1911 866 1985 tulit
881 1941 891 1985 ε
904 1911 968 1987 sed
985 1923 1065 1986 erat
1077 1910 1215 1985 fiducia
1226 1909 1369 2007 dispar.

347 2075 350 2085 v
441 2033 615 2135 Conjugii
630 2051 820 2136 peetaeque
836 2051 1024 2137 exspectat
1037 2051 1206 2136 tempora
1220 2037 1351 2134 taedae,

442 2163 779 2274 Quamquevirnm
788 2181 1000 2267 putateeee,
1010 2197 1125 2244 suum
1135 2169 1215 2244 fore
1223 2169 1360 2268 credit,
1371 2167 1522 2246 Ianthe.

441 2293 547 2390 lphis
562 2309 679 2396 amat,
695 2299 771 2398 qud
785 2327 891 2397 posse
906 2299 987 2376 fmi
1002 2301 1191 2398 desperat3
1206 2311 1244 2373 et
1258 2309 1366 2396 auget

441 2425 522 2500 Hoc
535 2429 661 2525 ipsum
675 2431 844 2508 flammae
860 2431 1064 2530 :mdetque
1078 2429 1120 2506 in
1136 2429 1285 2526 virgine
1299 2429 1420 2526 virgo.

480 2553 632 2652 Vixque
638 2560 1409 2660 tenenelaerymas,Quismemanetexitus,
1415 2557 1569 2657 inquit:

442 2681 597 2780 Cognita
612 2714 728 2783 quam
740 2690 859 2786 nulli,
874 2717 990 2788 quam
1003 2688 1231 2789 pmdigioea‚
1247 2712 1434 2784 novaeque
1448 2695 1463 2750 ¹-

441 2811 541 2883 Cura
556 2823 659 2887 tenet
672 2815 853 2894 Veneris?
867 2819 900 2894 ei
915 2819 966 2894 Dt
982 2820 1081 2894 mihi
1093 2842 1244 2917 perpere
1255 2815 1418 2912 vellent,

442 2935 601 3014 Perdere
617 2943 825 3020 debuerant
842 2977 850 3022 :
865 2950 897 3022 si
913 2975 992 3022 non
1010 2960 1048 3022 et
1064 2946 1219 3045 perdere
1231 2943 1393 3040 vellent,

441 3067 617 3146 Naturale
633 3075 775 3150 malum
790 3078 940 3175 saltem,
958 3090 996 3152 et
1008 3078 1056 3152 de
1073 3104 1197 3174 more,
1211 3074 1413 3150 dedissent.

442 3201 478 3276 N
479 3230 519 3276 ec
533 3231 681 3283 vacmm
695 3235 835 3308 vaeeae,
852 3237 921 3285 nee
935 3239 1049 3310 equas
1061 3237 1168 3286 amor
1180 3215 1261 3284 urit
1272 3233 1472 3306 equarum.

443 3327 530 3402 Urit
544 3359 632 3406 oves
646 3335 740 3409 aries
757 3367 765 3411 :
780 3339 952 3436 sequitur
964 3366 1031 3414 sua
1043 3339 1200 3414 foemina
1213 3363 1383 3412 cervum.

442 3461 504 3534 Sic
520 3476 557 3536 et
572 3489 658 3540 aves
675 3474 831 3566 coeun13
848 3471 1023 3569 interque
1035 3471 1212 3546 animalia
1226 3483 1362 3544 cuneta

443 3589 614 3665 Foemina
627 3592 806 3670 foemineo
820 3611 990 3698 correpta
1005 3598 1186 3697 cupidine
1201 3597 1309 3670 nulla
1325 3608 1393 3669 est.

489 3791 497 3820 ¹
522 3788 643 3848 Comme
660 3803 734 3850 cette
752 3806 896 3854 uenture
914 3807 958 3854 est
978 3807 1063 3854 toute
1084 3795 1255 3860 saeuiente,
1277 3789 1373 3848 Ovide
1395 3807 1413 3846 a
1432 3809 1481 3867 pn
1542 3779 1546 3787 ¹

444 3885 621 3962 amalgamer
630 3888 740 3965 l’esprit
751 3911 822 3950 nee
830 3894 857 3949 le
869 3892 1035 3961 sentiment,
1048 3905 1077 3950 et
1085 3890 1191 3950 fondre
1201 3891 1242 3947 les
1253 3887 1391 3946 conicum
1399 3885 1437 3945 de
1448 3890 1480 3948 h

445 3984 626 4063 mythologie
635 3985 709 4047 dens
718 3989 745 4048 la
755 3991 892 4070 peinture
903 3991 991 4052 d'une
1000 3991 1119 4070 passion
1128 3989 1224 4048 fictire
1236 3999 1266 4046 et
1277 3985 1460 4064 imaginata.
