3226 5336
434 589 508 667 258
556 609 642 666 nes
671 583 1102 664 ndranonruoses
1132 607 1359 684 novica,

433 755 566 832 Saucia
576 757 677 830 trabs
692 756 843 853 ingens,
861 755 931 829 ubi
944 755 1046 852 plaga
1059 755 1264 832 novissima
1278 769 1392 832 restat
1407 763 1440 849 ¹,

432 887 521 974 Qut
536 885 660 983 caelat,
678 886 720 958 in
735 884 854 958 dubio
870 895 945 979 est;
963 883 1146 981 omnique
1158 897 1297 984 aparte
1313 887 1486 976 timetur;

429 1017 494 1091 Sic
506 1016 657 1090 animus
670 1014 777 1090 vario
790 1013 991 1089 labefactus
1008 1015 1168 1090 vulnere
1181 1027 1292 1090 nutat

429 1149 517 1224 Huc
528 1147 641 1245 levis,
657 1160 770 1245 atque
784 1145 893 1242 illuc3
910 1157 1178 1244 momentaque
1191 1145 1309 1221 sumit
1321 1155 1494 1238 utroque.

427 1279 505 1356 Nec
517 1279 670 1376 modus,
683 1289 750 1352 aut
760 1277 931 1375 requies,
946 1277 1021 1350 nisi
1033 1301 1154 1370 mors,
1169 1275 1358 1373 reperitur
1369 1273 1518 1348 amoris.

427 1409 530 1492 Mors
543 1409 672 1505 placet.
688 1407 856 1506 Erigitur
874 1436 882 1482 :
898 1408 1108 1504 laqueoque
1124 1407 1316 1480 innectere
1330 1405 1455 1480 fauces

426 1541 621 1627 Destinat:
639 1551 693 1637 et,
708 1539 805 1612 zonat
817 1565 967 1614 summo
979 1539 1028 1612 de
1040 1551 1146 1636 poste
1160 1537 1348 1632 revincti,
1384 1543 1389 1552 '

426 1668 519 1742 Care
531 1679 544 1710 ¹
552 1726 564 1764 ‚
579 1667 683 1764 vale,
699 1667 860 1763 Cinyra,
874 1691 1100 1765 causamque
1116 1669 1282 1768 intellige
1294 1668 1445 1765 mortis,

425 1799 535 1876 Dixit
552 1826 561 1871 :
581 1809 618 1872 et
633 1798 781 1893 aptabat
793 1796 950 1894 pallenti
966 1797 1122 1873 vincula
1134 1801 1242 1876 collo.

424 1931 626 2008 Murmura
638 1928 845 2002 verborum
859 1925 952 2000 fidas
964 1929 1125 2004 nutricis
1140 1931 1186 2005 ad
1203 1957 1313 2006 aures

424 2033 644 2134 Pernenisse
660 2053 807 2152 ferunt,
825 2055 944 2129 limen
960 2059 1144 2154 servantis
1157 2061 1333 2134 alumnae.

425 2185 552 2283 Surgit
565 2211 680 2282 anus,
695 2195 909 2282 reseratque
920 2183 1019 2258 fores
1037 2213 1045 2258 :
1061 2189 1270 2286 mortisque
1285 2197 1423 2285 parate

426 2319 683 2394 Instrumenta
698 2315 852 2412 videns,
871 2317 991 2413 spatio
1007 2317 1213 2393 conclamat
1229 2317 1378 2416 eodem,

324 2536 327 2542 Ι
425 2445 547 2541 Seque
559 2444 665 2542 ferit,
681 2443 894 2542 scinditque
907 2444 1033 2541 sinus,
1053 2459 1254 2545 ereptaque
1266 2447 1362 2520 collo

422 2577 587 2650 Vincula
602 2575 770 2648 dilaniat.
789 2573 891 2650 Tum
900 2574 1166 2673 deniquellere
1178 2577 1344 2674 vacavi13

424 2708 527 2782 Tum
541 2707 629 2781 dare
646 2707 887 2804 complexus,
906 2708 1106 2808 laqueique
1122 2712 1317 2808 requirere
1329 2735 1496 2784 causam.

473 2837 581 2912 Muta
596 2837 680 2910 aflet
692 2835 819 2933 virgo,
837 2847 1051 2937 terramque
1065 2840 1222 2914 immota
1237 2848 1387 2932 tuetur3

424 2965 474 3038 Et
488 2963 670 3064 deprensa
681 2964 784 3038 dolet
797 2967 911 3042 tardae
926 2969 1125 3043 conamina
1137 2970 1283 3046 mortis.

421 3098 545 3172 Instat
557 3123 672 3195 anus3
691 3123 878 3197 canosque
890 3127 997 3198 suos,
1015 3113 1053 3174 et
1064 3103 1193 3176 inania
1210 3101 1360 3174 nudans

473 3295 483 3326 ¹
507 3294 565 3351 Par
578 3305 652 3353 cette
666 3295 824 3358 similitude
837 3299 863 3356 le
875 3297 962 3374 poete
975 3299 1050 3356 rand
1062 3317 1099 3356 en
1112 3299 1241 3374 quelque
1255 3308 1334 3354 sorte
1347 3296 1468 3358 risibles

420 3393 470 3452 lea
482 3395 657 3468 perplexitas
668 3409 698 3455 et
711 3399 754 3456 les
766 3399 914 3476 angoisses
924 3399 1096 3458 interieures
1108 3400 1144 3457 de
1155 3401 1183 3456 la
1194 3399 1252 3456 fille
1262 3398 1298 3456 de
1310 3399 1431 3474 Cynire.

474 3497 488 3526 ¹
508 3498 659 3554 Amarea}
668 3499 792 3574 Myrrha
798 3501 922 3575 proprio
935 3503 1052 3558 nonu'ne
1063 3501 1202 3576 Cym'rum
1214 3505 1356 3576 appellat.
1368 3501 1468 3558 Patris

430 3595 507 3650 enim
520 3614 625 3654 nomen
633 3597 761 3656 habebat
767 3601 835 3656 odio
846 3613 877 3656 ut
884 3602 964 3674 quod
971 3601 1028 3656 sibi
1036 3619 1098 3658 esse
1108 3600 1314 3678 impedimento
1317 3600 1451 3674 putabat
1453 3639 1466 3669 ,

430 3711 469 3749 ne
482 3707 581 3769 optato
593 3699 741 3754 concubitu
747 3702 899 3774 pott’retur.
913 3701 986 3758 Care
996 3701 1069 3758 n'est
1078 3719 1131 3776 pas
1143 3720 1201 3758 une
1212 3700 1339 3774 epitheta
1351 3700 1468 3756 oiseuse

428 3811 473 3854 ou
490 3791 685 3850 indisl'e'rente
706 3795 751 3851 En
770 3800 904 3872 repetant
923 3801 950 3856 le
968 3811 1031 3856 mot
1050 3801 1155 3880 edieu,
1172 3800 1224 3874 j'at
1241 3819 1280 3857 eu
1299 3799 1413 3856 dessein
1430 3799 1469 3856 de

429 3887 538 3945 rendre
547 3907 579 3945 ce
590 3907 650 3964 qne
659 3899 732 3950 cette
742 3892 868 3970 epitheta
879 3911 897 3952 a
907 3893 944 3954 de
954 3895 1066 3956 tendre.
1078 3899 1143 3956 Une
1151 3897 1258 3957 beant&
1268 3915 1298 3956 se
1309 3915 1471 3976 compensa

431 4002 487 4059 par
500 4003 559 4044 une
572 3997 668 4048 autre,
