3248 5336
441 478 513 554 552
557 487 644 548 uns
671 461 1115 545 uirauonrnosss
1145 486 1372 570 norror,

439 641 556 739 Copia
568 641 657 713 ciam
671 637 766 712 facta
779 645 834 709 est
850 630 1017 708 adeundi
1030 631 1154 730 prima
1169 637 1343 735 tyranni,

438 773 659 847 Velamenta
673 775 683 808 ¹
701 793 820 844 manu
836 763 1074 865 pretendens
1090 765 1278 866 supplice,
1294 769 1362 866 qui
1375 766 1442 866 sit,

439 903 603 1002 Quoque
615 913 735 999 satus,
749 909 932 974 memorat
946 927 954 972 :
969 899 1120 972 tantiun
1134 925 1202 972 sua
1214 901 1374 974 crimina
1387 899 1498 973 celat.

438 1029 698 1128 Mentitusque
710 1027 808 1126 fugae
824 1049 994 1122 causatu,
1009 1027 1105 1124 petit
1118 1023 1423 1127 urbc‚-velag1o,

438 1157 487 1234 Se
499 1155 618 1256 juvet.
634 1155 749 1232 Hunc
762 1165 893 1230 contra
908 1149 1057 1251 placido
1068 1147 1299 1228 Trachinius
1312 1179 1377 1229 ore

438 1289 595 1366 Talibus
611 1278 983 1384 alloquitur.'Modiae
997 1310 1152 1382 quoque
1168 1281 1364 1362 commoda
1379 1283 1483 1385 plebi

438 1419 575 1500 Nostra
586 1428 734 1518 patent,
748 1408 884 1512 Peleu}
899 1440 970 1492 nec
982 1408 1175 1516 inhospita
1187 1445 1300 1518 regna
1312 1431 1501 1494 tenemus.

440 1549 583 1648 Adjicis
596 1549 690 1624 huic
702 1545 830 1620 animo
845 1559 1037 1622 momenta
1052 1551 1238 1650 potentia,
1257 1551 1404 1625 clarum
1416 1557 1431 1586 ¹

440 1675 602 1776 Nomen,
611 1679 935 1778 avumquejovem
946 1704 1032 1752 :nec
1039 1689 1210 1779 tempora
1216 1673 1535 1780 perdeprecando.

441 1811 555 1900 Quod
563 1811 677 1909 petis,
688 1833 802 1883 omne
812 1805 906 1882 feres
918 1819 1074 1906 :tuaque
1082 1807 1164 1882 haeo
1172 1835 1242 1906 pro
1249 1819 1355 1906 parte
1361 1805 1490 1883 videto
1498 1865 1510 1905 ,

442 1943 742 2038 Qualiscumque
755 1939 872 2016 vides.
888 1938 1045 2016 Utinam
1058 1940 1215 2015 meliora
1227 1941 1390 2016 videres!

439 2073 490 2149 Et
504 2071 628 2147 flebat.
643 2069 795 2148 Moveat
807 2097 894 2168 quae
907 2082 1030 2143 tantos
1043 2096 1153 2144 causa
1166 2066 1332 2163 dolores,

441 2201 650 2300 Peleusque
666 2201 895 2298 comitesque
908 2210 1061 2295 rogant:
1077 2181 1217 2298 quibus
1230 2195 1294 2272 ille
1305 2189 1487 2297 profatur.

489 2329 662 2409 Forsitan
674 2326 773 2405 hanc
786 2326 999 2429 volucrem,
1011 2343 1119 2430 rapto
1132 2358 1218 2432 quae
1232 2331 1344 2429 vivit,
1360 2342 1398 2405 et
1409 2351 1538 2404 omnes

440 2463 576 2543 Terret
591 2491 698 2564 aves,
714 2489 861 2563 semper
878 2489 1021 2564 pennas
1037 2463 1213 2538 habuisse
1229 2459 1382 2563 putetis.

439 2595 477 2675 ,V
476 2596 512 2670 ir
524 2589 599 2670 fuit
615 2624 623 2670 ε
639 2607 676 2670 et
689 2605 794 2668 tanta
806 2603 862 2668 est
877 2591 998 2668 animi
1014 2594 1241 2691 constantia,
1256 2603 1443 2690 quantum

441 2725 539 2803 Acer
550 2719 651 2822 erat,
667 2725 842 2822 belloque
855 2725 984 2823 ferox,
999 2725 1046 2798 ad
1060 2721 1218 2824 vimque
1231 2737 1382 2824 paratius
1398 2752 1406 2798 :

440 2855 604 2931 Nomine
619 2851 833 2950 Daedalion,
849 2853 916 2926 illo
930 2853 1097 2950 genitore
1113 2864 1259 2927 creatus

439 2955 521 3072 Q'ui
538 2992 647 3059 vocat
663 2984 872 3078 Auroram,
889 2981 1061 3080 ooeloque
1078 2979 1307 3057 novissimus
1323 2977 1413 3058 exit.

440 3117 553 3192 Culta
567 3113 667 3188 mihi
683 3141 760 3211 pax
777 3124 850 3210 est3
866 3115 967 3211 pacis
983 3109 1082 3188 mihi
1099 3141 1191 3190 cura
1205 3113 1395 3214 tenendae,

441 3247 710 3344 conjugiique,
725 3241 801 3319 fuit
817 3272 825 3320 :
840 3243 949 3319 fratri
965 3243 1044 3320 sera
1059 3245 1156 3320 bella
1168 3247 1364 3344 placebant
1379 3271 1387 3318 :

486 3447 498 3477 ²
522 3447 648 3502 llamum
668 3445 772 3514 ob'uoe,
795 3445 848 3520 qui
864 3443 904 3500 ab
923 3445 1049 3500 extemis
1059 3485 1070 3512 ,
1095 3443 1147 3519 qui
1160 3462 1270 3519 pacem
1294 3440 1478 3518 offerebant,

442 3545 618 3620 gestabatur.
636 3543 814 3618 Quoetqubm
833 3543 922 3598 etiam
939 3544 984 3597 ad
998 3545 1087 3599 vittas
1105 3555 1134 3598 et
1149 3543 1258 3617 itgsulas
1275 3561 1382 3596 nomen
1400 3535 1479 3598 vela-

444 3652 543 3700 menta
558 3640 661 3714 referri
667 3651 788 3715 poterat
794 3679 804 3708 ‚
820 3657 888 3714 qua·
902 3649 930 3694 ee
941 3638 1016 3713 ι’ῃεω
1029 3638 1050 3694 ὰ
1061 3639 1237 3714 supplicibus
1244 3637 1397 3712 praetendi
1406 3638 1480 3694 sole-

444 3741 524 3800 bant.
693 3719 696 3726 ’

487 3842 501 3872 ¹
522 3841 588 3896 Hoc
609 3837 739 3897 oracione
759 3834 840 3911 Ceyx
860 3855 892 3896 se
912 3839 943 3896 in
965 3855 1065 3896 omnes
1088 3837 1212 3896 ostendat
1230 3853 1292 3893 esse
1312 3834 1488 3912 benignian-

444 3955 534 3995 unum.
