3242 5348
451 569 522 650 158
564 595 650 653 nas
679 565 1124 670 nbrtnonruosss
1155 596 1379 676 novius,

448 741 615 818 Arcadiae
631 755 792 818 vastator
805 743 919 840 aper?
932 769 1001 816 nec
1014 742 1160 840 profuit
1171 743 1312 843 Hydrae

450 873 620 948 Crescere
633 895 700 972 per
712 874 919 968 damnum,
934 872 1177 970 geminasque
1191 888 1381 950 resumere
1393 873 1519 948 vires?

448 997 577 1084 Quid?
588 1001 677 1072 enm
684 998 846 1072 Thracas
860 1023 998 1096 equos,
1013 997 1183 1074 humano
1193 1002 1373 1100 sanguine
1385 1002 1571 1100 pingues,

446 1129 634 1230 Plenaque
647 1131 868 1230 corporibus
881 1132 1010 1206 laceris
1028 1135 1206 1231 praesepia
1216 1135 1316 1234 vidi,

447 1263 612 1360 Visaque
624 1262 763 1362 dejeci,
781 1261 1058 1358 dominumque
1070 1264 1247 1362 ipsosque
1258 1265 1426 1364 peremi?
1526 1251 1534 1282 ²

447 1397 517 1470 His
535 1396 623 1470 elisa
638 1399 731 1492 jacet
747 1395 864 1469 moles
881 1393 1052 1468 Nemetae
1064 1391 1239 1469 lacertis?

444 1523 524 1598 Hac
539 1524 679 1600 eoelum
692 1524 838 1598 cervioe
854 1531 864 1561 ¹
881 1522 977 1598 tulit
989 1520 1141 1620 Defessa
1151 1522 1320 1620 jubendo
1336 1535 1390 1600 est

444 1655 551 1730 Saeva
563 1655 668 1730 tovis
681 1655 824 1751 conjux
841 1683 848 1730 :
863 1679 929 1752 ego
943 1679 1029 1727 sum
1043 1651 1252 1728 indefessus
1267 1653 1424 1750 agendo.

442 1787 514 1863 Sed
532 1813 633 1862 nova
643 1788 757 1886 pestis
773 1785 894 1884 adest,
913 1786 977 1860 eui
991 1809 1062 1858 neo
1073 1783 1219 1859 virtute
1234 1783 1378 1879 resisti,

442 1915 520 1990 Nee
533 1917 616 1990 telis
629 1917 794 1992 armisve
807 1929 928 2015 potest
945 1945 953 1990 ε
970 1915 1217 2014 pulmonibus
1230 1898 1330 1992 errat
1431 1911 1435 1918 ¹

441 2047 542 2146 Ignis
558 2047 656 2122 edax
671 2050 776 2148 imis,
794 2073 938 2148 perque
950 2074 1081 2123 omnes
1098 2048 1264 2146 pasoitur
1279 2059 1395 2134 artus.

441 2175 492 2252 At
506 2177 604 2252 vadet
617 2179 852 2278 Eurystheus
870 2210 878 2254 :
895 2188 960 2254 ot·
977 2193 1085 2279 sunt,
1100 2179 1170 2278 qui
1183 2179 1336 2254 credere
1348 2181 1495 2280 possint

441 2305 532 2380 Esse
544 2307 667 2383 Deos?
681 2311 790 2384 Dixit
807 2339 815 2385 :
831 2337 974 2410 perque
986 2311 1100 2386 altam
1114 2311 1264 2386 saueius
1276 2311 1397 2388 OEten

439 2439 552 2514 Haud
568 2442 676 2516 aliter
689 2443 880 2542 graditur,
896 2445 1012 2542 quim
1029 2444 1062 2516 si
1076 2441 1264 2518 venabula
1276 2442 1384 2540 tigris

438 2567 604 2666 Corpore
615 2570 690 2646 fixa
703 2584 821 2670 gerat,
837 2572 1000 2671 factique
1011 2569 1191 2669 refugerit
1203 2581 1345 2646 auctor.

431 2667 544 2796 Χδειερθ
557 2699 667 2774 illum
681 2704 841 2800 gemitus
855 2703 1048 2798 edentem,
1064 2727 1162 2798 saepe
1174 2699 1417 2796 frementem,

435 2827 542 2927 Saepe
554 2843 802 2906 retentantem
816 2844 910 2906 totas
926 2833 1132 2928 infringere
1144 2846 1284 2931 vestes,

438 2943 753 3064 Sternentemquo
766 2965 908 3062 trabes,
929 2967 1229 3061 irascentemque
1241 2963 1389 3040 videres

439 3087 654 3192 Montibus,
669 3070 735 3167 aut
748 3099 872 3192 patrio
883 3091 1101 3169 tendentem
1113 3093 1268 3169 brachia
1279 3093 1387 3168 coelo.

484 3288 493 3318 ¹
519 3291 656 3346 Hercules
666 3289 730 3346 edm
738 3293 915 3366 pewent'sset
925 3293 969 3349 ad
981 3294 1145 3359 Atlantem,
1157 3291 1346 3347 Mauritanioe
1358 3309 1454 3365 regem
1461 3331 1475 3362 ,

438 3383 491 3459 qni
505 3381 631 3440 duruerit
647 3387 706 3443 suis
723 3391 829 3444 coelum
841 3389 971 3466 fingitur·
987 3389 1142 3458 sustinere,
1161 3387 1201 3443 ab
1219 3407 1253 3444 eo
1272 3402 1477 3464 suscepturae

438 3481 581 3556 hospitio,
596 3497 767 3561 rogatusque
773 3528 784 3556 ,
801 3490 911 3545 nedum
923 3491 985 3566 ipse
996 3491 1119 3546 atterum
1132 3486 1283 3544 humanm
1294 3489 1370 3544 coelo
1382 3487 1482 3558 subi&

438 3594 517 3638 earet
522 3623 533 3650 ,
548 3586 687 3660 tantisper
698 3587 761 3662 ipse
773 3591 855 3646 onen'
863 3590 1041 3656 succederet,
1056 3587 1230 3662 libenterque
1242 3599 1286 3644 est
1295 3583 1451 3642 obsecutus.

482 3681 496 3711 ⁸
517 3680 592 3736 Hoec
612 3701 677 3742 curn
695 3685 807 3760 magud
813 3688 966 3760 jactantur
980 3686 1197 3763 indignatione,
1215 3685 1264 3742 cni
1278 3685 1361 3741 servit
1376 3685 1429 3738 tua
1445 3693 1476 3738 et

441 3780 559 3854 tepula.
1051 3786 1054 3799 '
