3164 5352
404 511 478 586 226
520 523 604 580 nus
632 493 1069 577 nnrsuonrnosns
1098 513 1326 590 n’ovrnr,

402 675 480 750 Nec
492 667 624 770 procul
637 665 833 742 abfuerant
847 661 992 734 telluris
1008 662 1177 760 margine
1189 687 1370 736 summre:

405 801 494 898 Hic,
511 825 561 872 ne
574 794 766 888 deficeret,
784 803 976 885 metuens,
991 788 1202 888 avidusque
1217 787 1397 882 videndi,

403 929 528 1006 Flexit
540 951 668 1001 amans
682 923 811 997 oculos
829 950 837 994 :
856 935 894 993 et
905 921 1081 1018 protinus
1093 922 1158 994 illa
1170 921 1314 1019 relapsa
1325 929 1395 992 est.

404 1059 637 1155 Brachiaque
649 1049 1107 1150 intendens‚prendique‚
1116 1064 1154 1124 et
1161 1051 1345 1150 prendere
1352 1062 1522 1142 oertans,

403 1193 467 1270 uu
480 1189 554 1264 nisi
567 1187 738 1262 euentu
752 1177 889 1258 infelix
903 1183 1039 1280 arripit
1053 1209 1175 1258 amu.
1325 1161 1330 1170 ’

402 1329 561 1423 Jamque
573 1323 714 1396 iterum
727 1320 894 1394 moriens
906 1313 1055 1391 nonest
1067 1317 1116 1390 (le
1128 1319 1286 1416 conjuge
1297 1315 1511 1414 quicquam

403 1457 544 1544 Questa
556 1481 625 1529 suo
642 1482 650 1527 :
665 1451 759 1552 quid
774 1452 877 1525 enim
890 1449 965 1523 nisi
974 1475 1013 1522 se
1025 1461 1250 1547 quereretur
1260 1447 1451 1522 amatam?

404 1587 710 1682 Supremumque
722 1581 823 1677 vale,
842 1577 944 1676 quod
957 1581 1033 1676 jam
1047 1579 1118 1652 vix
1130 1578 1287 1653 auribus
1300 1577 1364 1650 ille

403 1713 616 1810 Acciperet,
632 1709 732 1784 dixit
748 1736 758 1782 :
772 1707 1021 1804 revolutaque
1034 1731 1168 1782 rursus
1184 1705 1315 1780 eodem
1328 1717 1398 1778 est.

437 1967 519 2046 111.
550 1967 688 2064 Orphei
704 1964 905 2038 desideria.
927 1963 1058 2038 Vuriae
1071 1963 1409 2060 Metamorphoses,

452 2209 487 2284 N
491 2233 551 2282 ort
564 2207 671 2282 aliter
687 2207 836 2303 stupuit
850 2205 1000 2301 gemini
1016 2229 1107 2280 noce
1119 2207 1286 2302 eonjugis
1298 2205 1501 2304 Orpheus,

404 2341 530 2430 Quom
543 2338 617 2412 triu
632 2336 702 2434 qui
715 2334 892 2442 timidus,
910 2333 1036 2409 medio
1050 2348 1224 2434 portante
1239 2349 1407 2435 catenas,

406 2468 509 2547 Colla
520 2465 623 2539 oanis
636 2463 755 2560 vidit3
774 2479 888 2560 qu'em
900 2487 980 2536 non
993 2489 1113 2560 pavor
1127 2477 1213 2539 aute
1227 2465 1403 2564 reliquit,
1434 2488 1438 2496 ⁴

406 2600 532 2698 Quam
543 2609 680 2672 nutura
692 2598 818 2693 prior,
835 2619 925 2668 saxo
943 2621 1011 2692 per
1024 2621 1161 2695 eorpus
1172 2597 1305 2671 oborto
1325 2603 1356 2672 ¹:

406 2731 561 2829 Quique
577 2730 620 2804 in
633 2753 672 2802 se
684 2728 830 2802 crimen
842 2727 980 2826 traxit,
996 2729 1196 2826 voluitque
1211 2729 1338 2804 videri

409 2863 548 2939 Olenos
563 2886 639 2934 esse
651 2885 791 2934 nocens
807 2888 816 2934 ε
831 2872 952 2957 tuque
964 2861 1009 2935 6!
1026 2860 1165 2936 confisa
1177 2859 1326 2962 figurae,

411 2991 550 3072 infelix
563 2989 731 3088 Lethaea,
750 3004 846 3089 tuae3
863 2991 1098 3086 junctissima
1111 2992 1305 3089 quondam

410 3125 583 3220 Pectore,
600 3148 705 3197 nunc
717 3122 878 3221 lapides,
894 3149 988 3220 quos
1001 3123 1162 3198 humida
1175 3123 1334 3198 sustinet
1347 3123 1426 3201 lde.

412 3255 612 3350 Orantem,
628 3251 843 3349 frustraque
857 3253 998 3326 iterum
1012 3252 1173 3326 transire
1188 3252 1401 3344 volentem,

414 3385 580 3458 Portitor
592 3397 763 3459 arcuerat
779 3413 788 3459 ε
804 3397 946 3482 septem
959 3396 1086 3458 tamen
1098 3383 1162 3458 ille
1174 3381 1308 3456 diebus

414 3511 616 3610 Squalidus
630 3513 672 3586 in
685 3514 788 3614 ripa,
808 3515 953 3588 Cereris
966 3512 1047 3587 sine
1060 3538 1236 3612 munere,
1255 3512 1362 3588 sedit.

463 3739 473 3769 ¹
498 3739 547 3796 On
564 3743 717 3800 reconnalt
734 3740 762 3797 la
779 3740 908 3799 muniere
927 3739 1053 3799 d’Ovide
1070 3740 1143 3798 dans
1160 3739 1349 3815 l’expression
1366 3738 1402 3798 de
1419 3741 1450 3812 lq

419 3839 654 3913 utramorphose
667 3839 709 3895 du
722 3852 820 3900 rustre
830 3882 839 3911 ,
851 3841 903 3918 qui
913 3824 924 3910 ,‘
936 3839 1049 3916 petrifii'·
1060 3840 1175 3897 d'effroi
1187 3841 1204 3897 i
1217 3841 1245 3896 la
1257 3857 1315 3898 rue
1327 3837 1363 3895 de
1376 3839 1451 3895 Cer-

411 3935 510 4004 nuto,
524 3955 560 3994 ne
571 3937 685 4011 perdit,
701 3937 799 4006 dit-il,
813 3957 845 3996 sa
859 3959 935 4015 peur
947 3941 1069 4015 qu'aveo
1079 3959 1112 4008 pu
1125 3939 1180 3994 rie.
