3242 5348
427 583 475 658 82
544 600 628 656 crs
656 571 1095 656 ndrsuonruosrs
1125 595 1349 676 n’ovrnc,

424 749 528 824 Neve
541 748 617 822 viae
627 749 789 848 spatium
803 759 841 821 te
852 759 1008 845 terreat,
1023 750 1147 848 accipe
1160 777 1314 826 currus:

424 880 579 978 Accipe,
592 907 690 979 quos
702 879 830 954 iraems
847 879 918 952 alte
932 855 1144 978 moderere,
1162 881 1354 956 dracones.

350 1064 355 1083 .
424 1012 472 1086 Et
485 1012 599 1088 dedit.
619 1013 687 1088 ssla
697 1013 785 1088 dato
799 1015 976 1087 subvecta
990 1040 1060 1112 per
1074 1021 1160 1088 aeia
1174 1039 1293 1090 curru

422 1139 586 1215 Devenit
601 1143 643 1216 in
658 1143 849 1240 Scythium
862 1169 871 1216 t
885 1142 1072 1240 rigidique
1084 1147 1279 1220 cacumine
1294 1145 1434 1220 montis
1442 1181 1467 1244 ,·

419 1273 610 1348 Caucason
623 1271 828 1371 appellant,
845 1273 1062 1370 serpentum
1076 1275 1169 1350 colla
1183 1275 1324 1352 levavit
1339 1285 1347 1315 ¹
1362 1304 1371 1350 :

420 1406 700 1502 Quaesitamque
713 1403 863 1478 Famem
875 1403 1043 1500 lapidoso
1057 1405 1118 1479 vid
1124 1405 1155 1479 it
1169 1409 1212 1479 in
1224 1431 1330 1504 agro,

420 1535 619 1632 Unguibus
632 1547 670 1607 et
681 1534 775 1606 raris
791 1531 993 1606 vellentem
1007 1531 1184 1608 dentibus
1199 1533 1346 1610 herbas.

418 1667 554 1744 Hirtus
567 1677 646 1738 erat
657 1663 790 1759 crinis,
810 1687 900 1735 cava
911 1663 1058 1734 lumina
1076 1689 1085 1736 ι
1100 1663 1219 1762 pallor
1231 1665 1273 1738 in
1286 1687 1370 1761 ore,

418 1796 539 1872 Labra
551 1797 684 1869 incana
696 1794 792 1890 situ,
807 1793 945 1866 scabrae
957 1793 1130 1892 rubigine
1142 1795 1286 1870 fauces:

355 1965 359 1972 ’
418 1929 524 2004 Dura
537 1926 652 2022 cutis,
669 1951 738 2023 per
752 1949 867 2021 quam
882 1924 1038 2020 spectari
1050 1925 1194 1999 viscera
1205 1937 1367 2025 possent.

417 2063 511 2137 Ossa
526 2061 597 2132 sub
610 2057 780 2132 incurvis
798 2057 992 2130 exstabant
1005 2057 1109 2132 arida
1121 2057 1262 2132 lumbis
1275 2065 1301 2134 ⁵.

418 2187 569 2264 Ventris
583 2199 661 2260 erat
677 2213 747 2283 pro
760 2197 895 2260 ventre
909 2187 1012 2260 locus
1031 2215 1038 2258 :
1054 2189 1218 2285 pendere
1233 2201 1383 2287 putares

417 2315 568 2412 Pectus,
587 2325 625 2388 et
636 2342 658 2387 a
671 2314 788 2412 spinae
800 2311 1064 2387 tantummodo
1078 2313 1201 2390 cratc⁸
1217 2319 1350 2392 teneriss

416 2445 585 2522 Auxerat
597 2445 773 2520 miculos
786 2445 938 2539 macies,
953 2470 1195 2544 genuumque
1207 2447 1347 2545 rigebat
1465 2442 1469 2454 '

416 2576 551 2674 Orbis,
568 2588 605 2650 et
619 2573 823 2650 immodico
839 2574 1040 2686 prodibant
1052 2579 1184 2652 tubera
1199 2579 1285 2654 talo.

416 2699 523 2784 Hanc
535 2707 668 2806 procul
681 2717 727 2778 ut
738 2705 854 2804 vidit,
873 2690 1108 2804 nequeenim
1122 2723 1176 2785 est
1188 2685 1359 2786 accedere
1371 2711 1480 2809 juxta

414 2836 535 2933 Ausa,
550 2835 665 2910 refert
677 2835 852 2915 mandatu
866 2838 972 2937 Deoe3
987 2841 1220 2939 paulumque
1232 2825 1393 2940 morata,

416 2961 1139 3064 Quamquamaberatlcnge‚quamquam
1145 2969 1528 3075 modoveneratilluc,

415 3090 505 3167 Visa
516 3103 643 3187 tamen
655 3091 810 3166 sensisse
822 3093 989 3194 Famem,
1004 3108 1179 3195 retroque
1195 3097 1374 3173 dracones

414 3219 498 3318 Egit
509 3221 553 3293 in
565 3219 818 3320 Haemoniam,
833 3223 951 3296 versis
965 3225 1136 3298 sublimis
1151 3225 1320 3301 habenis.
1421 3220 1425 3229 ’

458 3423 469 3452 ¹
491 3416 596 3476 Currus
609 3419 719 3478 cerens
731 3420 751 3476 ὰ
764 3421 936 3478 draconibus
949 3421 1167 3500 nodijingitur.
1183 3424 1330 3484 Caucasus
1344 3437 1442 3484 autem

416 3534 498 3573 mons
509 3531 553 3573 est
561 3519 686 3592 Scythice
695 3521 821 3575 omnium
834 3521 1005 3591 altissimus,
1016 3525 1217 3599 perpetuusque
1227 3525 1335 3582 nivibus
1344 3540 1443 3585 tectus.

456 3619 469 3647 ¹
489 3614 538 3670 na
547 3617 668 3673 Famem
678 3617 919 3694 describdpodta,
930 3639 967 3678 ae
976 3617 1114 3698 siccrpus
1123 3623 1440 3704 doberet‚soeminaque

414 3713 649 3785 essetfamelicn.

457 3807 471 3848 ⁸
493 3809 595 3876 Cestos
606 3814 626 3870 ὰ
638 3813 727 3890 spina
736 3817 855 3878 ouantes
859 3857 871 3890 ,
886 3833 993 3882 cratem
1005 3827 1137 3902 appellat
1148 3825 1185 3884 ob
1196 3825 1420 3886 summram.
