3164 5352
438 643 509 723 268
556 663 641 720 aas
670 635 1106 720 niranonrnosns
1135 663 1370 744 n‘ovron,

435 809 604 882 Forsitan
617 805 734 879 aetatis
746 831 898 902 quoque
912 805 1085 902 nomine,
1102 799 1216 904 Filia,
1230 809 1352 884 dicat:

435 937 544 1012 Dicat
557 949 594 1008 ct
606 935 687 1030 illa,
704 936 830 1030 Pater3
846 933 976 1006 sceleri
989 959 1039 1006 ne
1052 936 1209 1009 nomina
1221 936 1350 1010 desint
1365 945 1393 1012 ¹.

484 1067 598 1140 Plena
613 1067 729 1164 patris
743 1065 916 1138 thalamis
930 1065 1078 1138 excedit
1094 1094 1102 1138 :
1122 1079 1159 1139 ct
1171 1067 1292 1165 impia
1307 1069 1394 1142 diro

434 1197 587 1270 Semina
600 1195 673 1268 sert
685 1207 793 1268 utero
804 1226 815 1291 3
830 1207 1083 1291 conceptaque
1096 1195 1257 1270 crimina
1269 1211 1411 1294 portat.

435 1329 585 1402 Postera
603 1353 682 1400 nox
694 1327 839 1401 facinus
852 1327 1016 1424 geminat
1029 1356 1037 1400 :
1053 1353 1121 1400 nec
1134 1327 1222 1402 finis
1235 1329 1277 1400 in
1291 1329 1445 1404 illaesi..

434 1462 531 1532 Ciun
546 1459 698 1534 tandem
711 1459 887 1556 Cinyras,
901 1457 1036 1530 nvidus
1049 1485 1270 1556 cognoscere
1285 1476 1480 1538 amantem

434 1594 521 1666 Post
536 1604 590 1664 tot
602 1591 844 1685 concubitus,
862 1590 966 1662 illato
981 1589 1148 1687 lumine,
1168 1590 1276 1688 vidit*

433 1727 481 1799 Et
494 1727 629 1820 scelus,
649 1739 685 1798 et
699 1739 824 1799 natam
843 1753 851 1797 :
866 1725 1068 1820 verbisque
1082 1723 1211 1796 dolore
1224 1725 1407 1823 retentis,

432 1854 615 1927 Pendenti
632 1854 798 1927 nitidum
813 1853 946 1949 vaginzi
962 1851 1103 1949 deripit
1119 1841 1261 1926 ensem.

432 1985 591 2083 Myrrha
607 1983 721 2082 fugit,
739 1985 904 2060 ‚tenebris
921 1997 959 2056 et
975 2011 1081 2058 caecae
1097 2010 1256 2059 munere
1273 1985 1400 2059 noctis

433 2121 641 2214 Intercepta
653 2119 737 2190 neci
755 2147 762 2190 :
779 2118 948 2213 latosque
962 2130 1090 2214 vagata
1106 2145 1174 2215 per
1187 2143 1310 2216 agros,
1407 2145 1413 2156 ·

432 2247 650 2323 Palmiseros
662 2247 820 2343 Arabas,
836 2248 1093 2345 Panchaeaque
1108 2275 1200 2322 rura
1214 2250 1401 2347 relinquit
1416 2257 1443 2325 ⁸.

433 2385 580 2481 Perque
593 2409 730 2456 novem
745 2386 886 2455 erra'vit
899 2383 1093 2456 redeuntis
1106 2409 1248 2456 cornua
1261 2384 1383 2457 Lnnae
1391 2414 1403 2480 3

433 2515 530 2586 cnm
545 2510 631 2584 tund
637 2535 697 2584 em
710 2511 808 2583 terri
821 2511 1012 2607 requievit
1023 2511 1118 2584 fessa
1135 2509 1278 2607 saban

432 2641 585 2736 Vixque
600 2641 702 2713 uten'
715 2642 886 2736 portabat
899 2666 1008 2714 onus.
1024 2641 1126 2716 Tum
1139 2641 1264 2714 nescia
1280 2642 1381 2737 voti,

432 2771 556 2867 Atque
571 2775 670 2843 inter
686 2771 894 2866 mortisque
908 2783 1051 2866 metus,
1072 2785 1110 2845 et
1125 2771 1235 2844 taedia
1251 2771 1341 2844 vitae
1350 2801 1361 2866 3

432 2901 497 2973 Est
512 2901 599 2974 tales
614 2927 745 2975 exorsa
757 2927 896 2998 preces.
916 2903 970 2976 0!
988 2901 1020 2974 si
1036 2927 1111 2999 qua
1124 2901 1258 2999 patetis

432 3032 600 3104 Numina
615 3033 813 3129 confessis3
833 3032 977 3127 merui3
996 3057 1066 3104 nec
1081 3031 1186 3104 triste
1202 3053 1333 3102 recuso

433 3160 670 3257 Supplicium
689 3191 696 3236 :
712 3163 797 3260 sed,
814 3189 862 3236 ne
875 3163 1015 3236 violem
1029 3164 1217 3259 vivosque
1231 3171 1442 3256 superstes,

433 3287 657 3382 Mortuaque
672 3290 874 3386 extinctos,
888 3291 1070 3364 ambobus
1084 3291 1211 3388 pellite
1223 3289 1367 3386 regnis3

433 3417 662 3515 Mutathuo
678 3421 775 3492 mihi
788 3422 983 3518 vitamque
996 3447 1201 3518 necemque
1218 3429 1348 3516 negate
1361 3415 1388 3492 ³.

479 3585 488 3614 ¹
512 3581 593 3637 Cette
606 3581 760 3650 rc'llexion‚
776 3584 828 3658 qui
842 3597 885 3642 est
899 3605 957 3642 une
968 3587 1073 3661 penate
1086 3584 1270 3662 ingeniosae,
1285 3581 1440 3639 contribue
1455 3583 1477 3640 i

435 3682 543 3738 rendre
561 3683 628 3756 plus
648 3682 792 3740 horribles
811 3684 852 3742 les
868 3687 1017 3744 moindres
1033 3685 1245 3744 circonstances
1260 3683 1297 3740 de
1314 3693 1388 3740 cette
1403 3682 1476 3740 unit

418 3839 420 3844 ,
437 3781 590 3852 coupable.

480 3881 492 3908 ¹
516 3877 566 3930 Est
579 3875 731 3931 Panchaia
745 3881 822 3951 regio
835 3881 955 3936 Arabioe
962 3879 1066 3952 felicis
1078 3880 1108 3935 in
1121 3877 1181 3953 qud
1195 3879 1294 3932 multoe
1306 3877 1426 3949 palmoe
1443 3888 1479 3933 et

438 3973 564 4046 turiferce
577 3970 693 4030 arbores
703 3991 870 4060 ,nasciturum

479 4065 492 4103 ³
507 4071 607 4148 optas
620 4087 651 4132 ut
662 4089 864 4134 verumutetur
877 4078 918 4136 sic
923 4117 934 4149 ,
950 4089 982 4135 ut
993 4094 1085 4153 neque
1100 4075 1180 4132 vivae
1185 4113 1197 4147 ,
1212 4089 1304 4148 neque
1317 4069 1473 4126 cronacum
