3210 5368
425 505 476 582 64
543 515 627 573 cns
656 463 1096 569 neruuorimosrs
1126 505 1357 590 n’ovmtt,

421 671 485 745 Sic
499 668 552 742 ait
568 695 576 741 :
591 667 779 740 Immensa
795 653 850 734 est
863 657 1056 755 finemque
1072 661 1242 756 potentia
1259 664 1347 737 eceli

419 807 507 882 Non
518 801 649 898 habet,
662 810 701 872 et
711 791 896 895 quicquid
911 791 1047 888 Superi
1060 791 1233 888 voluere,
1248 807 1446 890 peractum
1461 807 1532 870 est.

673 1005 763 1084 XV.
790 1005 993 1080 Philemon
1006 1007 1215 1081 eto-aucis.
1250 949 1255 961 =

316 1313 318 1320 Ι
467 1231 635 1319 Quoque
647 1222 777 1331 minus
789 1217 960 1314 dubites,
975 1217 1066 1290 tiliae
1080 1219 1315 1294 contermina
1329 1246 1495 1318 quercus

418 1361 587 1442 Collibus
602 1367 658 1429 est
672 1351 864 1452 Phrygiis,
879 1349 1029 1424 modico
1042 1351 1273 1427 circumdata
1288 1379 1415 1429 mure.

335 1561 338 1570 .
417 1500 503 1597 lpse
517 1493 645 1568 locum
657 1486 741 1563 vidi
759 1515 766 1560 :
782 1511 872 1561 nam
885 1510 947 1559 me
959 1483 1132 1582 Pelopeia
1147 1485 1322 1562 Pittheus

417 1626 523 1705 Misit
538 1624 581 1696 in
597 1645 705 1716 ar'va,
720 1645 790 1693 suo
806 1615 1000 1716 quondam
1016 1630 1167 1718 regnata
1180 1620 1340 1717 parenti.

417 1754 531 1833 Haud
545 1747 677 1852 procul
689 1748 782 1823 hinc
795 1759 989 1845 stagnum3
1005 1748 1117 1822 tellus
1132 1748 1348 1824 habitabilis
1361 1749 1473 1844 olim,

415 1889 529 1968 Nunc
541 1883 702 1956 celebres
715 1877 869 1976 mergis,
885 1875 1086 1974 fulicisque
1098 1878 1328 1975 palustribus
1342 1878 1472 1952 uudae.

465 2010 642 2111 luppiter
653 2007 750 2105 huc,
766 2006 886 2105 specie
899 2007 1071 2104 mortali,
1087 2035 1252 2106 cumque
1264 2022 1419 2108 parente

416 2143 532 2221 Venit
547 2137 776 2215 Atlantiades
790 2137 922 2236 positis
935 2137 1124 2213 caducifer
1136 2141 1216 2216 alis.

416 2272 521 2351 Mille
537 2269 668 2343 domos
681 2265 823 2364 adiere,
839 2265 966 2340 locum
979 2267 1227 2367 requiemque
1242 2281 1409 2367 petentes
1417 2299 1429 2367 ;

414 2403 520 2480 Mille
536 2399 667 2473 dom'os
682 2395 847 2470 clausere
860 2420 962 2468 serae.
979 2393 1124 2469 Tamen
1136 2423 1215 2470 una
1227 2397 1386 2495 recepit,

415 2534 538 2609 Parva
551 2527 708 2630 quidem
723 2525 872 2625 stipulis
888 2538 924 2599 et
938 2527 1058 2600 canni
1071 2540 1166 2602 tecta
1177 2530 1337 2628 palustri
1353 2559 1362 2603 ε

414 2663 487 2740 sed
500 2663 563 2761 pia
575 2660 709 2736 Baucis
724 2684 840 2754 anus,
857 2639 1044 2756 parilique
1059 2671 1165 2732 aetate
1180 2659 1383 2734 Philemon

413 2794 484 2870 Illi
499 2802 590 2865 sunt
604 2791 714 2862 annis
727 2788 850 2882 juncti
862 2785 1117 2884 juvenilibus,
1132 2786 1198 2861 illo

415 2923 654 3002 Consonuere
666 2919 747 2992 cast
764 2946 772 2993 :
787 2931 1122 3016 paupertatemque
1137 2919 1289 2994 fetendo

414 3053 579 3132 Effecore
596 3048 740 3144 levem,
756 3072 826 3120 nec
842 3047 977 3145 iniqui
993 3059 1119 3122 mente
1131 3047 1337 3124 ferendam.

412 3189 490 3264 Nec
505 3182 639 3279 refert,
657 3179 833 3256 dominos
847 3179 945 3277 illic,
961 3177 1172 3254 famulosne
1187 3181 1378 3278 requiras,

412 3315 507 3391 Tota
520 3312 657 3386 domus
672 3317 699 3416 J,
714 3309 792 3383 duo
806 3321 898 3384 sunt
914 3339 921 3383 :
937 3308 1039 3384 idem
1055 3322 1263 3408 parentque
1275 3311 1503 3411 jubentque.

455 3515 467 3545 ¹
488 3511 530 3567 La
543 3506 687 3565 Fonteiue
700 3523 719 3562 a
730 3505 829 3564 rendu
841 3517 887 3566 cet
898 3507 1068 3564 hemistiehe
1080 3517 1180 3584 parce
1192 3527 1277 3567 vers:

574 3637 627 3683 Eux
638 3635 699 3682 neuls
711 3634 739 3681 tl·
751 3639 912 3698 composrieut
924 3646 992 3685 toute
1004 3637 1055 3684 leur
1066 3637 1215 3700 ripulrliquo.

410 3761 494 3818 Dans
507 3775 562 3816 sou
575 3755 648 3831 style
659 3754 801 3825 familier,
812 3775 844 3814 ee
857 3768 948 3814 terme
958 3755 995 3813 de
1006 3757 1176 3832 republique
1184 3776 1221 3814 ne
1231 3755 1341 3834 deplalt
1350 3757 1446 3834 point.

412 3858 438 3913 11
454 3874 472 3914 a
486 3855 581 3911 meme
598 3867 657 3908 une
675 3861 755 3906 sorte
771 3849 953 3932 d'agrlment
969 3871 1025 3930 par
1042 3854 1069 3911 le
1086 3865 1235 3912 contracte
1251 3853 1342 3912 ‹l'une
1359 3856 1451 3932 petite
1496 3909 1498 3912 .

276 3951 280 3965 '
409 3953 499 4010 chose
511 3968 581 4008 aree
595 3967 653 4006 une
666 3947 787 4025 grande.
