3164 5352
347 503 351 508 '
461 505 533 578 228
576 516 662 576 nes
691 489 1133 574 nbrnnonrnosrs
1161 518 1391 602 n’ovrnr,

460 670 578 765 Cura,
595 667 779 764 dolorque
791 663 929 760 animi,
949 664 1200 764 lacrymaeque
1211 668 1389 744 alimenta
1400 667 1498 743 fuere.

459 793 548 870 Esse
561 797 659 870 Deos
671 793 784 867 Erebi
794 791 966 866 crudeles
981 807 1156 891 questus,
1172 797 1215 870 in
1231 800 1342 893 altam

458 925 1124 1026 SerecipitRhodopen,pulsurnque
1134 928 1392 1026 Aquilonibus
1400 930 1528 1002 Haemu

455 1054 609 1128 Tertius
622 1055 806 1151 oequoreis
818 1054 1011 1130 inclusum
1022 1055 1193 1132 Piscibus
1208 1087 1355 1136 annum

456 1183 623 1261 Finierat
634 1182 748 1256 Titan
753 1213 765 1278 3
779 1207 1009 1280 omnemque
1025 1183 1212 1282 refugerat
1224 1187 1405 1285 Orpbeus

457 1313 690 1389 Foemineam
703 1312 890 1386 Venerem
907 1339 916 1386 :
931 1337 999 1384 seu
1012 1313 1115 1408 quod
1129 1315 1226 1388 male
1242 1331 1400 1392 cesserat
1415 1316 1482 1408 illi3

455 1445 544 1518 Sive
557 1442 849 1518 fidem'dederat.
868 1441 1007 1514 Multas
1019 1453 1147 1516 tamen
1158 1443 1271 1519 artior
1286 1445 1448 1520 habebat

454 1573 477 1646 J
479 1593 618 1668 ungere
630 1595 669 1642 se
682 1571 762 1643 vati
779 1599 787 1644 :
803 1568 934 1642 multae
947 1568 1104 1642 doluere
1117 1571 1289 1668 repulsae.
1419 1615 1426 1626 ·
1445 1596 1446 1600 ’

452 1701 524 1777 llle
537 1701 649 1780 etiam
661 1697 854 1772 Thracum
865 1697 1018 1794 populis
1030 1695 1106 1771 fuit
1118 1712 1267 1797 auctor,
1281 1727 1449 1776 amorem

453 1833 500 1907 In
513 1843 661 1903 teneros
674 1825 875 1901 transferre
889 1849 1010 1898 mares
1030 1852 1039 1897 ε
1059 1827 1226 1924 citraque
1237 1831 1438 1924 juventam

453 1959 587 2036 AEtatis
599 1959 716 2032 breve
727 1981 814 2050 ver,
830 1965 867 2027 et
878 1955 1022 2051 primos
1038 1978 1190 2054 carpere
1202 1957 1325 2033 flores.

557 2183 629 2262 lv,
655 2183 823 2258 Arbores
838 2185 931 2282 {yroe
949 2183 1069 2256 modis
1086 2183 1191 2258 ducit
1207 2187 1392 2286 Orpheus.

500 2406 672 2484 Co'nnrs
688 2418 786 2503 erat,
801 2405 1010 2504 collemque
1023 2431 1138 2504 super
1151 2407 1369 2505 planissima
1382 2404 1495 2504 mmpi

454 2539 568 2635 Area3
584 2562 701 2635 quam
712 2535 878 2610 viridem
890 2535 1076 2609 faciebant
1088 2536 1267 2632 graminis
1279 2538 1423 2614 herbae.

452 2667 595 2743 Umbra
606 2668 689 2740 loeo
704 2665 831 2739 deerat
847 2694 855 2740 ε
872 2665 948 2763 qua
960 2678 1044 2764 post
1056 2667 1172 2763 quim
1185 2679 1292 2765 parte
1307 2669 1448 2745 resedit

448 2801 517 2886 Dis
530 2797 677 2900 genitus
691 2812 813 2899 vates,
833 2811 870 2874 et
880 2797 943 2872 fila
957 2800 1129 2874 sonantis
1141 2801 1282 2898 movit,

448 2929 593 3004 Umbra
603 2929 686 3004 loco
698 2929 817 3004 venit.
837 2929 923 3004 Non
937 2929 1100 3039 Chaonis
1113 2929 1236 3004 abfuit
1249 2917 1379 3032 a'rbos,

447 3057 534 3138 Non
547 3081 682 3132 nemus
694 3053 914 3151 Heliadum,
929 3081 1008 3128 non
1021 3054 1221 3128 frondibus
1237 3059 1386 3131 esculus
1400 3057 1493 3156 altis,

447 3187 524 3269 Nec
536 3187 628 3260 tiliae
641 3185 792 3282 molles,
809 3211 881 3258 nec
896 3185 1018 3283 fagus,
1036 3197 1073 3258 et
1088 3185 1235 3260 innuba
1254 3196 1263 3224 ¹
1281 3189 1427 3266 laurus.
1552 3161 1553 3242 i

448 3311 496 3391 Et
508 3312 627 3410 coryli
644 3310 807 3408 fragiles,
825 3323 862 3385 et
876 3309 1051 3384 fraxinus
1067 3311 1172 3384 utilis
1186 3311 1321 3411 hastis,

447 3443 665 3540 Enodisque
677 3443 798 3540 abies,
816 3457 1046 3542 curvataque
1058 3444 1256 3542 glandibus
1272 3445 1368 3543 ilex,

448 3573 495 3655 Et
507 3573 681 3671 platanus
695 3580 709 3608 ⁸
721 3575 894 3672 genialis,
909 3601 1071 3671 acerque,
1081 3575 1268 3650 coloribus
1285 3576 1428 3682 impar5

491 3770 501 3801 ¹
525 3771 662 3828 Allusion
675 3771 693 3827 b
705 3771 734 3826 la
747 3770 884 3849 virginit&
897 3773 934 3830 de
946 3773 1071 3848 Daphne
1084 3773 1213 3850 changes
1227 3793 1263 3831 en
1276 3772 1397 3832 laurier.

488 3872 503 3902 ⁸
528 3869 657 3932 semaa}
672 3868 803 3952 exprime
821 3891 880 3952 que
898 3871 925 3931 le
941 3872 1058 3950 plateae
1076 3883 1119 3931 est
1133 3873 1196 3938 ami
1211 3872 1248 3930 de
1265 3873 1293 3929 la
1306 3871 1367 3945 joie
1385 3883 1415 3930 et
1430 3867 1477 3929 des

447 3961 557 4026 festine
676 4023 678 4030 ,
