3242 5348
426 455 494 529 ιθ]
538 467 623 524 aas
651 435 1085 526 ud‘ranonrunsas
1115 461 1347 542 novius,

420 615 533 690 Tune
549 626 628 690 erat
643 611 834 687 invalidus
852 639 860 684 :
878 609 1167 711 Deionidenque
1181 612 1349 706 juventae

420 745 568 821 Robore
581 743 776 836 Miletum,
791 738 1012 836 Phoeboque
1027 751 1183 838 parente
1195 743 1420 840 superbum,

419 873 647 951 Pertimuit:
664 871 894 966 credensque
907 870 987 943 suis
1000 869 1193 968 insurgere
1205 871 1348 968 regnis,

419 1003 531 1081 Haud
547 1016 673 1078 tamen
687 1012 743 1074 est
755 998 886 1097 patriis
898 1021 1023 1070 arcere
1038 996 1239 1094 penatibus
1253 1023 1379 1076 ausus.

419 1138 560 1236 Sponte
572 1135 687 1232 sugis,
701 1133 847 1230 Mileto,
865 1131 932 1206 tud
946 1161 954 1206 :
970 1131 1158 1230 celerique
1171 1131 1299 1205 carind

418 1265 558 1363 AEgaeas
571 1261 716 1338 metiris
728 1285 860 1359 aquas3
880 1270 918 1332 et
930 1259 973 1331 in
985 1259 1099 1332 Aside
1114 1259 1215 1332 terri
1230 1267 1241 1297 ¹

418 1397 560 1474 Moenia
575 1391 792 1487 nonantula,
809 1389 984 1488 positoris
1000 1388 1179 1464 habentia
1194 1415 1347 1464 nomen.

416 1528 489 1604 Hie
502 1527 590 1621 tibi,
606 1524 701 1597 dum
715 1521 888 1621 sequitur
903 1521 1034 1618 patriae
1046 1524 1271 1598 curvamina
1287 1523 1398 1623 ripae,

413 1660 508 1734 Filia
522 1650 727 1748 Maeandri,
742 1651 851 1724 toties
864 1649 1058 1725 redeuntis
1074 1651 1205 1726 ebdem
1213 1710 1224 1749 ,

415 1787 568 1886 Cognita
581 1786 726 1883 Cyanee
744 1809 752 1856 :
768 1779 962 1879 praestanti
978 1761 1135 1878 corpora
1151 1780 1292 1878 formal,

414 1919 572 2020 Byblida
582 1943 672 1991 cum
686 1916 835 2011 Cauno,
849 1913 995 2012 prolem
1009 1925 1065 1987 est
1076 1915 1190 1988 enixa
1203 1907 1412 2011 geinellam.

675 2162 798 2237 xtlt
826 2163 964 2262 Byblis
981 2166 1023 2236 in
1025 2100 1188 2262 fhnteni.

459 2395 631 2481 Breuis
644 2405 687 2479 in
697 2406 871 2503 exemplo
883 2419 955 2504 est,
970 2418 1015 2479 ut
1028 2417 1156 2480 ament
1169 2424 1339 2482 coneoesa
1351 2409 1513 2505 puellae.

409 2537 538 2635 Byblis
550 2538 748 2636 Apollonei
762 2551 933 2636 correpta
947 2539 1130 2636 cupidine
1146 2537 1289 2644 fratris,

404 2671 514 2768 Non,
533 2697 639 2746 soror
651 2683 696 2742 ut
707 2668 882 2767 fratrem,
899 2696 968 2744 nec
980 2671 1059 2768 qud
1070 2670 1247 2768 debebat,
1265 2669 1419 2746 erravit.

408 2801 477 2876 Illa
492 2799 648 2898 quidem
660 2799 786 2897 primb
799 2802 925 2876 nullos
941 2802 1117 2900 intelligit
1129 2802 1252 2900 ignes,

406 2927 483 3003 Nec
493 2952 644 3026 peceare
656 2941 784 3028 putat,
802 2895 1056 3027 quod'saepius
1070 2931 1196 3004 oscula
1208 2932 1357 3028 jungat,

408 3053 521 3141 Quod
536 3079 604 3126 sua
615 3051 782 3127 fraterno
797 3054 1007 3130 eimumdet
1021 3056 1175 3131 brachia
1191 3057 1286 3132 eollo
1296 3087 1319 3155 3.

407 3180 655 3280 Mendacique
670 3181 740 3256 diu
755 3183 901 3280 pietatis
914 3183 1060 3261 fallitur
1072 3187 1220 3266 umbri.

405 3307 590 3383 Paulatim
604 3307 767 3382 declinat
779 3333 905 3408 amor,
922 3310 1127 3410 visuraque
1143 3313 1298 3390 fratrem

407 3435 516 3510 Culta
528 3435 651 3534 venit5
667 3436 909 3536 nimiumque
921 3442 1028 3539 cupit
1042 3442 1206 3518 formosa
1218 3445 1360 3521 videri:

354 3639 357 3644 ’
448 3650 459 3682 ¹
480 3648 581 3718 Μίἰεῑ,
595 3645 641 3706 fils
652 3648 811 3727 d'Apollon
822 3666 851 3710 et
861 3655 898 3712 de
907 3657 1037 3728 Uerona,
1050 3659 1106 3718 alla
1117 3682 1153 3719 en
1165 3661 1250 3722 Caria
1261 3663 1368 3722 fonder
1381 3686 1443 3724 une
1467 3695 1472 3706 =

361 3767 363 3777 ¹
405 3743 474 3802 ville
487 3746 523 3803 de
537 3765 591 3804 son
605 3766 695 3819 nom,
708 3751 783 3808 dans
798 3754 825 3809 la
839 3756 949 3814 crainte
962 3757 1054 3816 d'etre
1067 3763 1141 3836 puni
1154 3783 1209 3838 par
1221 3767 1355 3842 Jupiter,
1369 3767 1443 3842 pire

406 3840 442 3898 de
454 3842 566 3912 Minos,
582 3841 656 3902 dont
669 3845 689 3902 il
701 3849 781 3904 avait
793 3851 887 3908 voulu
902 3871 1029 3930 usurpes
1040 3857 1068 3913 la
1080 3860 1243 3934 puissance.
