3210 5368
439 553 508 605 loa
551 544 637 600 aas
666 511 1108 596 udrsuonrnosns
1138 539 1365 620 n’ovrnn,

437 689 505 765 Ille
521 687 621 761 cavis
635 685 771 759 hausto
784 681 921 780 spargit
935 709 996 754 me
1010 682 1169 778 pulvere
1185 687 1335 785 palmis,

436 822 558 920 Inque
574 821 696 894 vicem
708 817 824 891 sulvae
836 816 937 911 jactu
947 814 1115 892 flavescit
1130 841 1252 890 arenae
1268 825 1292 891 ¹.

435 955 484 1030 Et
495 953 608 1029 modi)
622 950 804 1026 cervicem
813 983 832 1045 ‚·
841 947 954 1022 modo
965 971 1077 1022 crura
1090 949 1267 1024 micantia
1279 963 1420 1050 (aptat,

435 1081 515 1160 Aut
530 1097 675 1182 captare
687 1094 815 1180 putes;
834 1079 1016 1177 omnique
1030 1105 1053 1152 a
1067 1093 1172 1178 parte
1185 1083 1339 1155 lacessit.

437 1218 498 1292 Me
511 1243 594 1291 mea
606 1215 774 1290 defendit
787 1213 965 1311 gravitas,
984 1210 1199 1310 frusuaque
1214 1215 1376 1311 petebar.

436 1347 547 1423 Haud
562 1374 666 1423 secus
680 1373 721 1420 ac
733 1346 868 1441 moles,
883 1323 998 1443 quam
1011 1371 1147 1444 magno
1158 1371 1356 1422 murmure
1369 1346 1514 1422 fluctus

437 1485 668 1581 Oppugnant
685 1511 692 1556 :
709 1493 834 1556 manet
848 1479 929 1577 illa,
947 1507 1090 1579 suoque
1103 1495 1158 1556 est
1169 1483 1335 1581 pondere
1347 1497 1444 1562 tuta.

436 1613 677 1710 Digredimur
692 1613 849 1712 paulum
866 1643 874 1688 ε
891 1639 1121 1712 rursumque
1133 1615 1179 1688 ad
1196 1617 1293 1690 bella
1307 1617 1472 1718 coimus,

358 1732 365 1748 ⁸
437 1745 559 1842 Inque
572 1748 689 1846 gradu
702 1748 892 1845 stetimus,
908 1749 1001 1822 certi
1015 1776 1094 1823 non
1108 1749 1237 1824 cedere
1246 1717 1431 1850 {eratque

438 1878 535 1950 Cum
547 1876 642 1973 pede
657 1905 721 1975 pes
733 1880 887 1974 junctus
908 1907 916 1952 :
934 1891 1089 1978 totoque
1103 1906 1167 1979 ego
1180 1895 1328 1979 pectore
1342 1909 1493 1980 pronus

437 2006 486 2081 Et
501 2007 634 2106 digitos
646 2007 789 2107 digitis,
805 2021 842 2082 et
857 2008 1022 2084 frontem
1038 2009 1163 2086 tronto
1179 2015 1394 2110 premebam
1409 2021 1436 2089 ·.

439 2137 526 2218 Non
542 2137 650 2212 aliter
662 2138 775 2212 fortes
788 2138 870 2212 vidi
883 2165 1109 2213 concurrere
1125 2154 1269 2237 tauros,

439 2275 536 2348 cum
552 2275 719 2372 pretium
735 2253 890 2376 pugnae,
905 2286 985 2347 toto
997 2273 1223 2348 nitidissima
1235 2274 1350 2371 saltu,

438 2408 640 2504 Expetitnr
656 2408 799 2502 conjux
816 2433 824 2479 :
840 2416 1007 2503 spectant
1018 2417 1204 2501 armenta,
1222 2418 1438 2507 paventque

438 2538 567 2614 Nescia
582 2561 696 2634 quem
709 2546 858 2610 maneat
871 2535 967 2608 tanti
981 2532 1139 2608 victoria
1152 2537 1268 2633 regni.

439 2671 513 2745 Ter
530 2672 612 2744 sine
628 2669 799 2768 profectu
812 2667 937 2748 voluit
948 2669 1109 2744 nitentia
1123 2681 1254 2744 contra

439 2807 605 2904 Rejicere
619 2804 765 2880 Alcides
780 2830 852 2877 ase
865 2830 948 2878 mea
960 2817 1110 2904 pectora
1126 2834 1134 2879 :
1150 2805 1285 2903 quarti)

438 2913 593 3014 Excutit
605 2936 819 3035 amplexus,
834 2935 1068 3036 adductaque
1081 2937 1234 3011 brachia
1247 2935 1359 3010 solvit
1367 2967 1380 3034 3

439 3073 725 3170 Impulsnmque
739 3097 873 3168 manu,
888 3083 1035 3146 certum
1048 3071 1146 3146 mihi
1161 3096 1251 3146 uera
1263 3069 1392 3167 fateri,

441 3205 619 3280 Protinus
635 3204 771 3278 avertit
787 3233 795 3278 ε
811 3217 988 3301 tergoque
1002 3230 1180 3278 onerosus
1193 3201 1356 3276 inhaesit.

442 3340 483 3413 Si
495 3367 569 3438 qua
580 3337 691 3437 fides,
709 3365 833 3436 nequo
847 3338 950 3414 enim
963 3337 1049 3413 ficut
1061 3338 1159 3412 mihi
1172 3337 1287 3436 gloria
1299 3361 1392 3410 voce

486 3522 495 3550 ¹
519 3520 574 3576 Les
587 3517 717 3578 Athletas
731 3517 804 3576 dans
820 3518 887 3576 leur
899 3518 973 3576 tutte
992 3515 1218 3593 commenpaieut
1230 3534 1285 3591 par
1303 3532 1334 3572 sc
1347 3514 1474 3572 couvrir

442 3617 480 3674 dc
496 3617 664 3692 ponssiere,
683 3636 762 3692 pour
777 3616 875 3674 mieux
893 3615 975 3674 saisir
991 3616 1069 3674 leurs
1086 3613 1230 3672 membres
1246 3629 1304 3670 nus
1321 3621 1351 3668 et
1365 3611 1474 3670 trottts

444 3717 564 3774 d'huile.

410 3886 417 3904 .
488 3821 501 3849 ²
523 3817 677 3890 Eleganter·
694 3834 731 3874 ca
749 3817 848 3874 omnia
863 3815 997 3875 describit
1013 3813 1130 3874 Ovidius
1137 3854 1148 3884 ,
1167 3831 1234 3889 quoe
1249 3809 1270 3866 ὰ
1287 3809 1474 3868 luctatoribus

435 3911 515 3982 sicci
525 3913 626 3968 solent.
