3252 5348
449 549 498 626 58
564 563 650 622 aras
679 529 1119 617 niranonrnosas
1149 556 1381 636 movsen,

448 715 634 812 Tempora
649 741 658 787 :
673 710 756 808 sod,
772 719 925 806 sumpto
940 707 1061 806 positst
1076 711 1275 786 conamine
1287 713 1334 784 ab
1348 707 1489 808 hastti,

450 845 605 921 Arboris
622 843 771 918 insiluit
787 849 816 941 ¹,
831 866 917 939 quae
934 842 1052 914 stabat
1067 843 1264 942 proxima,
1279 846 1393 918 ramis
1410 870 1421 916 :

450 977 723 1076 Despexitque,
737 975 819 1050 loco
835 986 960 1072 tutus,
975 1001 1092 1072 quem
1108 975 1273 1076 fugerat,
1290 974 1457 1050 hostem.

450 1101 637 1178 Dentibus
652 1101 715 1176 illc
727 1101 836 1190 ferox
847 1100 890 1173 in
904 1126 1053 1198 querno
1069 1101 1197 1200 stipite
1207 1102 1326 1200 tritis,

450 1231 630 1308 Imminet
641 1231 780 1329 exitio,
790 1229 1052 1327 frendensque
1064 1233 1283 1306 recentibus
1295 1231 1432 1325 armis,

450 1359 633 1440 Othriade
645 1361 770 1458 magni
787 1373 908 1434 rostro
924 1359 1051 1436 femur
1065 1361 1194 1438 hausit
1207 1365 1368 1440 adunco.

498 1491 550 1564 At
561 1489 723 1588 gemini,
736 1489 910 1562 nondum
924 1488 1088 1564 coelestia
1103 1492 1242 1591 sidera,
1256 1493 1412 1586 fratres,

449 1623 573 1698 Ambo
585 1618 802 1716 conspicui,
812 1618 904 1692 nive
917 1616 1199 1696 candidioribus
1211 1623 1296 1698 albal-

448 1749 702 1825 vectabantur
714 1727 820 1844 equis
838 1775 846 1820 :
862 1748 973 1820 ambo
984 1747 1132 1824 vibrata
1143 1775 1212 1848 per
1224 1761 1336 1824 au'ras

449 1877 651 1952 Hastamm
666 1875 828 1954 tremulo
842 1876 1061 1978 quatiebant
1076 1879 1220 1978 spicula
1232 1893 1357 1957 motu.

448 2007 617 2082 Vulnera
628 2005 817 2105 fecissent,
832 2008 908 2082 nisi
917 2008 1055 2106 'setiger
1066 2010 1167 2088 inter
1179 2038 1330 2112 opacas,

448 2141 525 2216 Nec
536 2138 688 2238 jaculis,
700 2137 808 2236 isset,
825 2165 896 2214 nec
907 2165 1005 2238 equo
1021 2141 1102 2221 loca
1115 2143 1263 2241 pervia,
1279 2142 1409 2216 silvas.

446 2267 692 2367 Persequitur
704 2266 887 2342 Telamon
904 2267 1130 2366 :studioque
1144 2271 1319 2344 incautus
1332 2268 1479 2368 eundi,

447 2403 596 2477 Pronus
610 2402 657 2475 ab
670 2399 826 2476 arborei
841 2400 976 2475 cecidit
987 2401 1110 2476 radice
1126 2413 1308 2478 retentus.

446 2530 552 2608 Dum
563 2531 663 2606 levat
676 2527 783 2606 hunc
797 2528 952 2628 Peleus,
964 2529 1122 2605 celerem
1135 2531 1286 2630 Tegeaea
1298 2530 1472 2628 sagittam

411 2749 414 2760 ,
446 2661 633 2760 imposuit
645 2685 785 2759 nervo,
805 2661 1030 2766 sinuatoque
1047 2661 1195 2759 expulit
1207 2687 1313 2736 mou.

443 2793 537 2870 Fixa
550 2796 621 2869 sub
634 2821 725 2869 aure
739 2793 811 2870 seri
823 2821 1018 2872 summum
1033 2795 1231 2896 destringit
1243 2765 1391 2870 arundo

444 2925 609 3022 Corpus,
624 2935 662 2998 et
674 2924 809 3024 exiguo
822 2926 1006 3006 rubefecit
1018 2929 1200 3027 sanguine
1212 2940 1320 3004 setes.

443 3053 519 3128 Nee
531 3063 657 3132 tamen
669 3052 734 3132 illa
746 3055 806 3130 sui
821 3081 994 3134 successu
1005 3057 1127 3140 laeuor
1141 3056 1259 3154 ictus,

443 3183 567 3274 Quam
581 3183 782 3286 Meleagros
796 3199 887 3266 erat.
901 3188 1055 3264 Primus
1068 3189 1208 3265 vidisse
1224 3200 1403 3288 putatur,

442 3315 489 3390 Et
503 3315 650 3414 primus
665 3319 774 3394 sociis
789 3319 918 3396 visum
931 3319 1134 3394 ostendisse
1151 3345 1325 3395 cruorem
1333 3347 1345 3416 ;

440 3447 506 3545 Et,
524 3449 728 3548 Meritum,
740 3449 901 3549 dixisse,
916 3451 1010 3526 seres
1023 3451 1178 3527 virtutis
1194 3450 1396 3532 honorem.

439 3573 634 3652 Erubuere
647 3575 724 3650 viri
742 3603 878 3676 :seque
892 3576 1162 3678 exhortantur,
1179 3588 1217 3652 et
1229 3575 1377 3651 addunt

481 3775 493 3808 ¹
525 3771 630 3846 Quelle
651 3768 762 3829 rnidtt
783 3771 821 3830 ds
841 3772 1077 3832 circonstancesl
1096 3773 1245 3833 l'ineident
1265 3769 1479 3848 particulierb

439 3871 547 3929 Nestor
568 3879 613 3928 est
632 3869 728 3926 relect
747 3887 803 3945 par
822 3870 851 3929 la
870 3869 1011 3930 reflexion
1030 3890 1083 3930 sur
1101 3873 1129 3930 le
1149 3873 1226 3950 siege
1246 3871 1284 3930 de
1303 3869 1401 3928 Troie.
1424 3873 1479 3930 Au

437 3967 575 4047 sur-plus,
588 3966 615 4026 le
627 3965 703 4026 dutil
713 3978 757 4027 est
766 3966 822 4026 mis
832 3987 912 4048 pour
922 3968 1084 4030 l’aeeusatil
1093 3987 1164 4032 aree
1176 3969 1204 4029 la
1214 3965 1399 4052 proposition
1412 3967 1458 4026 ia.
