<?xml version="1.0" encoding="UTF-8"?>
<!DOCTYPE html PUBLIC "-//W3C//DTD XHTML 1.0 Transitional//EN"
    "http://www.w3.org/TR/xhtml1/DTD/xhtml1-transitional.dtd">
<html xmlns="http://www.w3.org/1999/xhtml" xml:lang="en" lang="en">
 <head>
  <title>
</title>
<meta http-equiv="Content-Type" content="text/html;charset=utf-8" />
  <meta name='ocr-system' content='tesseract 3.04.00' />
  <meta name='ocr-capabilities' content='ocr_page ocr_carea ocr_par ocr_line ocrx_word'/>
</head>
<body>
  <div class='ocr_page' id='page_1' title='image "./lesmtamorphoses01saingoog_0336.png"; bbox 0 0 3226 5336; ppageno 0'>
   <div class='ocr_carea' id='block_1_1' title="bbox 426 645 1347 753">
    <p class='ocr_par' dir='ltr' id='par_1_1' title="bbox 426 645 1347 753">
     <span class='ocr_line' id='line_1_1' title="bbox 426 645 1347 753; baseline -0.007 -19"><span class='ocrx_word' id='word_1_1' title='bbox 426 659 498 753; x_wconf 72' lang='lat'><strong>276</strong></span> <span class='ocrx_word' id='word_1_2' title='bbox 538 673 624 731; x_wconf 74' lang='lat' dir='ltr'><strong>uss</strong></span> <span class='ocrx_word' id='word_1_3' title='bbox 653 645 1088 728; x_wconf 69' lang='lat' dir='ltr'><strong>ndrsuonrnosss</strong></span> <span class='ocrx_word' id='word_1_4' title='bbox 1119 670 1347 748; x_wconf 75' lang='lat' dir='ltr'><strong>movsen,</strong></span> 
     </span>
    </p>
   </div>
   <div class='ocr_carea' id='block_1_2' title="bbox 414 813 1466 2218">
    <p class='ocr_par' dir='ltr' id='par_1_2' title="bbox 415 813 1466 2090">
     <span class='ocr_line' id='line_1_2' title="bbox 421 813 1389 914; baseline -0.004 -20"><span class='ocrx_word' id='word_1_5' title='bbox 421 816 526 894; x_wconf 85' lang='lat' dir='ltr'><strong>Neve</strong></span> <span class='ocrx_word' id='word_1_6' title='bbox 537 817 651 914; x_wconf 79' lang='lat' dir='ltr'><strong>seres,</strong></span> <span class='ocrx_word' id='word_1_7' title='bbox 665 815 807 914; x_wconf 89' lang='lat' dir='ltr'><strong>quibus</strong></span> <span class='ocrx_word' id='word_1_8' title='bbox 821 841 926 890; x_wconf 86' lang='lat' dir='ltr'><strong>arma</strong></span> <span class='ocrx_word' id='word_1_9' title='bbox 941 813 1046 890; x_wconf 80' lang='lat' dir='ltr'><strong>dedit</strong></span> <span class='ocrx_word' id='word_1_10' title='bbox 1059 813 1218 912; x_wconf 81' lang='lat' dir='ltr'><strong>Natura,</strong></span> <span class='ocrx_word' id='word_1_11' title='bbox 1236 815 1389 910; x_wconf 77' lang='lat' dir='ltr'><strong>lacessc5</strong></span> 
     </span>
     <span class='ocr_line' id='line_1_3' title="bbox 420 945 1407 1044; baseline -0.003 -21"><span class='ocrx_word' id='word_1_12' title='bbox 420 947 611 1023; x_wconf 82' lang='lat' dir='ltr'><strong>Stetmihi</strong></span> <span class='ocrx_word' id='word_1_13' title='bbox 623 972 673 1020; x_wconf 90' lang='lat' dir='ltr'><strong>ne</strong></span> <span class='ocrx_word' id='word_1_14' title='bbox 685 971 819 1044; x_wconf 80' lang='lat' dir='ltr'><strong>magno</strong></span> <span class='ocrx_word' id='word_1_15' title='bbox 832 957 899 1020; x_wconf 86' lang='lat' dir='ltr'><strong>tua</strong></span> <span class='ocrx_word' id='word_1_16' title='bbox 915 945 1044 1043; x_wconf 78' lang='lat' dir='ltr'><strong>gloria.</strong></span> <span class='ocrx_word' id='word_1_17' title='bbox 1061 949 1146 1020; x_wconf 89' lang='lat' dir='ltr'><strong>Non</strong></span> <span class='ocrx_word' id='word_1_18' title='bbox 1159 960 1287 1022; x_wconf 88' lang='lat' dir='ltr'><strong>movet</strong></span> <span class='ocrx_word' id='word_1_19' title='bbox 1301 961 1407 1042; x_wconf 72' lang='lat' dir='ltr'><strong>mus,</strong></span> 
     </span>
     <span class='ocr_line' id='line_1_4' title="bbox 420 1077 1371 1176; baseline -0.004 -20"><span class='ocrx_word' id='word_1_20' title='bbox 420 1079 498 1156; x_wconf 87' lang='lat' dir='ltr'><strong>Nec</strong></span> <span class='ocrx_word' id='word_1_21' title='bbox 508 1077 638 1174; x_wconf 83' lang='lat' dir='ltr'><strong>facies,</strong></span> <span class='ocrx_word' id='word_1_22' title='bbox 657 1103 727 1152; x_wconf 88' lang='lat' dir='ltr'><strong>nec</strong></span> <span class='ocrx_word' id='word_1_23' title='bbox 739 1103 825 1175; x_wconf 80' lang='lat' dir='ltr'><strong>quae</strong></span> <span class='ocrx_word' id='word_1_24' title='bbox 838 1077 1025 1154; x_wconf 80' lang='lat' dir='ltr'><strong>Venerem</strong></span> <span class='ocrx_word' id='word_1_25' title='bbox 1038 1080 1211 1176; x_wconf 71' lang='lat' dir='ltr'><strong>movere,</strong></span> <span class='ocrx_word' id='word_1_26' title='bbox 1225 1080 1371 1176; x_wconf 88' lang='lat' dir='ltr'><strong>leones,</strong></span> 
     </span>
     <span class='ocr_line' id='line_1_5' title="bbox 418 1207 1454 1308; baseline 0 -26"><span class='ocrx_word' id='word_1_27' title='bbox 418 1207 675 1306; x_wconf 78' lang='lat' dir='ltr'><strong>Setigcmsque</strong></span> <span class='ocrx_word' id='word_1_28' title='bbox 687 1231 790 1304; x_wconf 86' lang='lat' dir='ltr'><strong>sues,</strong></span> <span class='ocrx_word' id='word_1_29' title='bbox 803 1208 1025 1305; x_wconf 89' lang='lat' dir='ltr'><strong>oculosque,</strong></span> <span class='ocrx_word' id='word_1_30' title='bbox 1043 1210 1266 1308; x_wconf 77' lang='lat' dir='ltr'><strong>annuosque</strong></span> <span class='ocrx_word' id='word_1_31' title='bbox 1278 1209 1454 1285; x_wconf 83' lang='lat' dir='ltr'><strong>ferarum.</strong></span> 
     </span>
     <span class='ocr_line' id='line_1_6' title="bbox 417 1335 1397 1438; baseline -0.002 -23"><span class='ocrx_word' id='word_1_32' title='bbox 417 1339 579 1415; x_wconf 82' lang='lat' dir='ltr'><strong>Fulmen</strong></span> <span class='ocrx_word' id='word_1_33' title='bbox 593 1337 737 1412; x_wconf 84' lang='lat' dir='ltr'><strong>habent</strong></span> <span class='ocrx_word' id='word_1_34' title='bbox 749 1361 853 1412; x_wconf 78' lang='lat' dir='ltr'><strong>acres</strong></span> <span class='ocrx_word' id='word_1_35' title='bbox 868 1336 912 1412; x_wconf 89' lang='lat' dir='ltr'><strong>in</strong></span> <span class='ocrx_word' id='word_1_36' title='bbox 926 1335 1084 1412; x_wconf 82' lang='lat' dir='ltr'><strong>aduncis</strong></span> <span class='ocrx_word' id='word_1_37' title='bbox 1100 1339 1282 1415; x_wconf 83' lang='lat' dir='ltr'><strong>dentibus</strong></span> <span class='ocrx_word' id='word_1_38' title='bbox 1297 1339 1397 1438; x_wconf 87' lang='lat' dir='ltr'><strong>apri:</strong></span> 
     </span>
     <span class='ocr_line' id='line_1_7' title="bbox 417 1463 1260 1568; baseline -0.005 -22"><span class='ocrx_word' id='word_1_39' title='bbox 417 1471 586 1568; x_wconf 75' lang='lat' dir='ltr'><strong>Impetus</strong></span> <span class='ocrx_word' id='word_1_40' title='bbox 598 1477 653 1542; x_wconf 89' lang='lat' dir='ltr'><strong>est</strong></span> <span class='ocrx_word' id='word_1_41' title='bbox 668 1463 804 1564; x_wconf 80' lang='lat' dir='ltr'><strong>fulvis,</strong></span> <span class='ocrx_word' id='word_1_42' title='bbox 821 1477 861 1540; x_wconf 85' lang='lat' dir='ltr'><strong>et</strong></span> <span class='ocrx_word' id='word_1_43' title='bbox 873 1477 978 1542; x_wconf 83' lang='lat' dir='ltr'><strong>vasta</strong></span> <span class='ocrx_word' id='word_1_44' title='bbox 992 1467 1166 1542; x_wconf 87' lang='lat' dir='ltr'><strong>leonibus</strong></span> <span class='ocrx_word' id='word_1_45' title='bbox 1182 1469 1240 1542; x_wconf 83' lang='lat' dir='ltr'><strong>im</strong></span> <span class='ocrx_word' id='word_1_46' title='bbox 1247 1499 1260 1566; x_wconf 76' lang='lat'>3</span> 
     </span>
     <span class='ocr_line' id='line_1_8' title="bbox 416 1597 1466 1699; baseline -0.008 -21"><span class='ocrx_word' id='word_1_47' title='bbox 416 1604 666 1699; x_wconf 87' lang='lat' dir='ltr'><strong>Invisumque</strong></span> <span class='ocrx_word' id='word_1_48' title='bbox 681 1597 780 1674; x_wconf 87' lang='lat' dir='ltr'><strong>mihi</strong></span> <span class='ocrx_word' id='word_1_49' title='bbox 796 1623 912 1696; x_wconf 81' lang='lat' dir='ltr'><strong>genus</strong></span> <span class='ocrx_word' id='word_1_50' title='bbox 929 1610 996 1673; x_wconf 87' lang='lat' dir='ltr'><strong>est.</strong></span> <span class='ocrx_word' id='word_1_51' title='bbox 1016 1599 1112 1686; x_wconf 82' lang='lat' dir='ltr'><strong>Quae</strong></span> <span class='ocrx_word' id='word_1_52' title='bbox 1129 1625 1260 1696; x_wconf 82' lang='lat' dir='ltr'><strong>eausa,</strong></span> <span class='ocrx_word' id='word_1_53' title='bbox 1277 1597 1424 1696; x_wconf 80' lang='lat' dir='ltr'><strong>roganti</strong></span> <span class='ocrx_word' id='word_1_54' title='bbox 1438 1603 1466 1694; x_wconf 88' lang='lat'><strong>¹,</strong></span> 
     </span>
     <span class='ocr_line' id='line_1_9' title="bbox 416 1729 1431 1830; baseline -0.007 -20"><span class='ocrx_word' id='word_1_55' title='bbox 416 1735 566 1830; x_wconf 79' lang='lat' dir='ltr'><strong>Dicam,</strong></span> <span class='ocrx_word' id='word_1_56' title='bbox 585 1731 638 1804; x_wconf 88' lang='lat' dir='ltr'><strong>sit</strong></span> <span class='ocrx_word' id='word_1_57' title='bbox 653 1741 712 1804; x_wconf 79' lang='lat' dir='ltr'><strong>:et</strong></span> <span class='ocrx_word' id='word_1_58' title='bbox 721 1729 859 1804; x_wconf 73' lang='lat' dir='ltr'><strong>veteris</strong></span> <span class='ocrx_word' id='word_1_59' title='bbox 872 1741 1088 1806; x_wconf 78' lang='lat' dir='ltr'><strong>monstrum</strong></span> <span class='ocrx_word' id='word_1_60' title='bbox 1101 1731 1287 1807; x_wconf 81' lang='lat' dir='ltr'><strong>mirabere</strong></span> <span class='ocrx_word' id='word_1_61' title='bbox 1299 1730 1431 1830; x_wconf 79' lang='lat' dir='ltr'><strong>cttlpae.</strong></span> 
     </span>
     <span class='ocr_line' id='line_1_10' title="bbox 415 1856 1307 1952; baseline -0.006 -14"><span class='ocrx_word' id='word_1_62' title='bbox 415 1861 488 1938; x_wconf 83' lang='lat' dir='ltr'><strong>sed</strong></span> <span class='ocrx_word' id='word_1_63' title='bbox 503 1860 609 1936; x_wconf 83' lang='lat' dir='ltr'><strong>labor</strong></span> <span class='ocrx_word' id='word_1_64' title='bbox 621 1856 797 1932; x_wconf 78' lang='lat' dir='ltr'><strong>insolitus</strong></span> <span class='ocrx_word' id='word_1_65' title='bbox 810 1859 887 1952; x_wconf 80' lang='lat' dir='ltr'><strong>jam</strong></span> <span class='ocrx_word' id='word_1_66' title='bbox 900 1883 962 1932; x_wconf 90' lang='lat' dir='ltr'><strong>me</strong></span> <span class='ocrx_word' id='word_1_67' title='bbox 978 1857 1130 1932; x_wconf 86' lang='lat' dir='ltr'><strong>lassavit</strong></span> <span class='ocrx_word' id='word_1_68' title='bbox 1145 1887 1154 1932; x_wconf 90' lang='lat'>:</span> <span class='ocrx_word' id='word_1_69' title='bbox 1170 1869 1208 1932; x_wconf 88' lang='lat' dir='ltr'><strong>et</strong></span> <span class='ocrx_word' id='word_1_70' title='bbox 1223 1883 1307 1933; x_wconf 85' lang='lat' dir='ltr'><strong>ecce</strong></span> 
     </span>
     <span class='ocr_line' id='line_1_11' title="bbox 415 1985 1280 2090; baseline -0.008 -25"><span class='ocrx_word' id='word_1_71' title='bbox 415 1995 641 2090; x_wconf 87' lang='lat' dir='ltr'><strong>Opportuna</strong></span> <span class='ocrx_word' id='word_1_72' title='bbox 653 1986 721 2061; x_wconf 80' lang='lat' dir='ltr'><strong>sui</strong></span> <span class='ocrx_word' id='word_1_73' title='bbox 733 1985 929 2062; x_wconf 79' lang='lat' dir='ltr'><strong>blanditur</strong></span> <span class='ocrx_word' id='word_1_74' title='bbox 944 1985 1108 2084; x_wconf 89' lang='lat' dir='ltr'><strong>populus</strong></span> <span class='ocrx_word' id='word_1_75' title='bbox 1124 1985 1280 2080; x_wconf 78' lang='lat' dir='ltr'><strong>umbri3</strong></span> 
     </span>
    </p>

    <p class='ocr_par' dir='ltr' id='par_1_3' title="bbox 414 2115 1465 2218">
     <span class='ocr_line' id='line_1_12' title="bbox 414 2115 1465 2218; baseline -0.009 -22"><span class='ocrx_word' id='word_1_76' title='bbox 414 2121 564 2218; x_wconf 82' lang='lat' dir='ltr'><strong>Datque</strong></span> <span class='ocrx_word' id='word_1_77' title='bbox 577 2130 705 2194; x_wconf 90' lang='lat' dir='ltr'><strong>torum</strong></span> <span class='ocrx_word' id='word_1_78' title='bbox 717 2141 854 2215; x_wconf 80' lang='lat' dir='ltr'><strong>cespes.</strong></span> <span class='ocrx_word' id='word_1_79' title='bbox 869 2115 980 2190; x_wconf 86' lang='lat' dir='ltr'><strong>Libet</strong></span> <span class='ocrx_word' id='word_1_80' title='bbox 990 2115 1062 2190; x_wconf 84' lang='lat' dir='ltr'><strong>hac</strong></span> <span class='ocrx_word' id='word_1_81' title='bbox 1074 2115 1306 2212; x_wconf 87' lang='lat' dir='ltr'><strong>requiescere</strong></span> <span class='ocrx_word' id='word_1_82' title='bbox 1321 2124 1465 2208; x_wconf 86' lang='lat' dir='ltr'><strong>tecum,</strong></span> 
     </span>
    </p>
   </div>
   <div class='ocr_carea' id='block_1_3' title="bbox 415 2243 1482 2346">
    <p class='ocr_par' dir='ltr' id='par_1_4' title="bbox 415 2243 1482 2346">
     <span class='ocr_line' id='line_1_13' title="bbox 415 2243 1482 2346; baseline -0.007 -24"><span class='ocrx_word' id='word_1_83' title='bbox 415 2249 463 2322; x_wconf 83' lang='lat' dir='ltr'><strong>Et</strong></span> <span class='ocrx_word' id='word_1_84' title='bbox 472 2249 681 2346; x_wconf 84' lang='lat' dir='ltr'><strong>requievit,</strong></span> <span class='ocrx_word' id='word_1_85' title='bbox 699 2246 821 2345; x_wconf 83' lang='lat' dir='ltr'><strong>humo</strong></span> <span class='ocrx_word' id='word_1_86' title='bbox 833 2275 841 2322; x_wconf 90' lang='lat'>:</span> <span class='ocrx_word' id='word_1_87' title='bbox 852 2246 1284 2346; x_wconf 80' lang='lat' dir='ltr'><strong>pressitqueetgramen,</strong></span> <span class='ocrx_word' id='word_1_88' title='bbox 1298 2256 1336 2317; x_wconf 90' lang='lat' dir='ltr'><strong>et</strong></span> <span class='ocrx_word' id='word_1_89' title='bbox 1348 2243 1482 2342; x_wconf 87' lang='lat' dir='ltr'><strong>ipsum.</strong></span> 
     </span>
    </p>
   </div>
   <div class='ocr_carea' id='block_1_4' title="bbox 413 2374 1317 2587">
    <p class='ocr_par' dir='ltr' id='par_1_5' title="bbox 413 2374 1317 2587">
     <span class='ocr_line' id='line_1_14' title="bbox 415 2374 1317 2478; baseline -0.003 -23"><span class='ocrx_word' id='word_1_90' title='bbox 415 2381 538 2478; x_wconf 88' lang='lat' dir='ltr'><strong>Inque</strong></span> <span class='ocrx_word' id='word_1_91' title='bbox 549 2379 638 2454; x_wconf 89' lang='lat' dir='ltr'><strong>sinu</strong></span> <span class='ocrx_word' id='word_1_92' title='bbox 653 2377 807 2475; x_wconf 85' lang='lat' dir='ltr'><strong>juvenis</strong></span> <span class='ocrx_word' id='word_1_93' title='bbox 822 2377 944 2476; x_wconf 73' lang='lat' dir='ltr'><strong>positi</strong></span> <span class='ocrx_word' id='word_1_94' title='bbox 959 2377 1122 2473; x_wconf 85' lang='lat' dir='ltr'><strong>cervice,</strong></span> <span class='ocrx_word' id='word_1_95' title='bbox 1140 2374 1317 2452; x_wconf 86' lang='lat' dir='ltr'><strong>renidens</strong></span> 
     </span>
     <span class='ocr_line' id='line_1_15' title="bbox 413 2483 1286 2587; baseline -0.006 0"><span class='ocrx_word' id='word_1_96' title='bbox 413 2512 476 2586; x_wconf 85' lang='lat' dir='ltr'><strong>Sic</strong></span> <span class='ocrx_word' id='word_1_97' title='bbox 489 2512 543 2587; x_wconf 86' lang='lat' dir='ltr'><strong>ait</strong></span> <span class='ocrx_word' id='word_1_98' title='bbox 563 2540 571 2586; x_wconf 91' lang='lat'><strong>:</strong></span> <span class='ocrx_word' id='word_1_99' title='bbox 590 2537 633 2586; x_wconf 86' lang='lat' dir='ltr'><strong>ac</strong></span> <span class='ocrx_word' id='word_1_100' title='bbox 649 2508 783 2586; x_wconf 90' lang='lat' dir='ltr'><strong>mediis</strong></span> <span class='ocrx_word' id='word_1_101' title='bbox 799 2507 990 2584; x_wconf 83' lang='lat' dir='ltr'><strong>interserit</strong></span> <span class='ocrx_word' id='word_1_102' title='bbox 1006 2508 1132 2584; x_wconf 87' lang='lat' dir='ltr'><strong>oscula</strong></span> <span class='ocrx_word' id='word_1_103' title='bbox 1143 2483 1286 2584; x_wconf 74' lang='lat' dir='ltr'><strong>verbisJ</strong></span> 
     </span>
    </p>
   </div>
   <div class='ocr_carea' id='block_1_5' title="bbox 414 2739 1453 2838">
    <p class='ocr_par' dir='ltr' id='par_1_6' title="bbox 414 2739 1453 2838">
     <span class='ocr_line' id='line_1_16' title="bbox 414 2739 1453 2838; baseline -0.006 -20"><span class='ocrx_word' id='word_1_104' title='bbox 414 2740 533 2818; x_wconf 88' lang='lat' dir='ltr'><strong>XIII.</strong></span> <span class='ocrx_word' id='word_1_105' title='bbox 551 2741 744 2816; x_wconf 80' lang='lat' dir='ltr'><strong>Atalanta</strong></span> <span class='ocrx_word' id='word_1_106' title='bbox 757 2740 887 2812; x_wconf 68' lang='lat' dir='ltr'><strong>cumas</strong></span> <span class='ocrx_word' id='word_1_107' title='bbox 893 2742 1095 2837; x_wconf 83' lang='lat' dir='ltr'><strong>praemium</strong></span> <span class='ocrx_word' id='word_1_108' title='bbox 1109 2744 1148 2814; x_wconf 86' lang='lat' dir='ltr'><strong>in</strong></span> <span class='ocrx_word' id='word_1_109' title='bbox 1154 2765 1288 2838; x_wconf 82' lang='lat' dir='ltr'><strong>procos</strong></span> <span class='ocrx_word' id='word_1_110' title='bbox 1302 2739 1453 2812; x_wconf 76' lang='lat' dir='ltr'><strong>obtinet.</strong></span> 
     </span>
    </p>
   </div>
   <div class='ocr_carea' id='block_1_6' title="bbox 415 2957 1399 3578">
    <p class='ocr_par' dir='ltr' id='par_1_7' title="bbox 415 2957 1399 3578">
     <span class='ocr_line' id='line_1_17' title="bbox 462 2957 1383 3059; baseline 0.003 -25"><span class='ocrx_word' id='word_1_111' title='bbox 462 2959 661 3036; x_wconf 64' lang='lat' dir='ltr'><strong>somnne</strong></span> <span class='ocrx_word' id='word_1_112' title='bbox 672 2957 835 3034; x_wconf 88' lang='lat' dir='ltr'><strong>audieris</strong></span> <span class='ocrx_word' id='word_1_113' title='bbox 851 2961 1017 3059; x_wconf 79' lang='lat' dir='ltr'><strong>aliquam</strong></span> <span class='ocrx_word' id='word_1_114' title='bbox 1033 2963 1237 3036; x_wconf 82' lang='lat' dir='ltr'><strong>certamine</strong></span> <span class='ocrx_word' id='word_1_115' title='bbox 1249 2961 1383 3037; x_wconf 79' lang='lat' dir='ltr'><strong>cureris</strong></span> 
     </span>
     <span class='ocr_line' id='line_1_18' title="bbox 415 3086 1299 3183; baseline 0.005 -22"><span class='ocrx_word' id='word_1_116' title='bbox 415 3086 568 3162; x_wconf 85' lang='lat' dir='ltr'><strong>Veloces</strong></span> <span class='ocrx_word' id='word_1_117' title='bbox 584 3111 775 3183; x_wconf 86' lang='lat' dir='ltr'><strong>superasse</strong></span> <span class='ocrx_word' id='word_1_118' title='bbox 787 3089 904 3161; x_wconf 83' lang='lat' dir='ltr'><strong>viros.</strong></span> <span class='ocrx_word' id='word_1_119' title='bbox 923 3089 1009 3163; x_wconf 90' lang='lat' dir='ltr'><strong>Non</strong></span> <span class='ocrx_word' id='word_1_120' title='bbox 1025 3087 1150 3163; x_wconf 87' lang='lat' dir='ltr'><strong>fabula</strong></span> <span class='ocrx_word' id='word_1_121' title='bbox 1166 3117 1299 3164; x_wconf 90' lang='lat' dir='ltr'><strong>rumor</strong></span> 
     </span>
     <span class='ocr_line' id='line_1_19' title="bbox 416 3213 1378 3318; baseline 0.002 -26"><span class='ocrx_word' id='word_1_122' title='bbox 416 3219 485 3292; x_wconf 88' lang='lat' dir='ltr'><strong>Ille</strong></span> <span class='ocrx_word' id='word_1_123' title='bbox 500 3217 575 3291; x_wconf 83' lang='lat' dir='ltr'><strong>fuit</strong></span> <span class='ocrx_word' id='word_1_124' title='bbox 591 3245 599 3290; x_wconf 93' lang='lat'><strong>:</strong></span> <span class='ocrx_word' id='word_1_125' title='bbox 615 3216 813 3313; x_wconf 87' lang='lat' dir='ltr'><strong>superabat</strong></span> <span class='ocrx_word' id='word_1_126' title='bbox 829 3218 933 3292; x_wconf 88' lang='lat' dir='ltr'><strong>enirn</strong></span> <span class='ocrx_word' id='word_1_127' title='bbox 950 3247 958 3292; x_wconf 75' lang='grc' dir='ltr'>ε</span> <span class='ocrx_word' id='word_1_128' title='bbox 974 3243 1044 3291; x_wconf 91' lang='lat' dir='ltr'><strong>nec</strong></span> <span class='ocrx_word' id='word_1_129' title='bbox 1057 3217 1181 3294; x_wconf 88' lang='lat' dir='ltr'><strong>dicere</strong></span> <span class='ocrx_word' id='word_1_130' title='bbox 1193 3247 1317 3318; x_wconf 89' lang='lat' dir='ltr'><strong>posses</strong></span> <span class='ocrx_word' id='word_1_131' title='bbox 1332 3213 1378 3318; x_wconf 74' lang='lat'><strong>¹‚&#39;</strong></span> 
     </span>
     <span class='ocr_line' id='line_1_20' title="bbox 416 3331 1399 3446; baseline -0.001 -21"><span class='ocrx_word' id='word_1_132' title='bbox 416 3341 545 3425; x_wconf 84' lang='lat' dir='ltr'><strong>Laude</strong></span> <span class='ocrx_word' id='word_1_133' title='bbox 555 3345 716 3446; x_wconf 77' lang='lat' dir='ltr'><strong>pedum,</strong></span> <span class='ocrx_word' id='word_1_134' title='bbox 730 3345 910 3422; x_wconf 83' lang='lat' dir='ltr'><strong>formaene</strong></span> <span class='ocrx_word' id='word_1_135' title='bbox 925 3331 1025 3421; x_wconf 83' lang='lat' dir='ltr'><strong>bend</strong></span> <span class='ocrx_word' id='word_1_136' title='bbox 1041 3351 1278 3446; x_wconf 85' lang='lat' dir='ltr'><strong>praestantior</strong></span> <span class='ocrx_word' id='word_1_137' title='bbox 1294 3363 1399 3425; x_wconf 89' lang='lat' dir='ltr'><strong>essct.</strong></span> 
     </span>
     <span class='ocr_line' id='line_1_21' title="bbox 418 3477 1382 3578; baseline -0.001 -24"><span class='ocrx_word' id='word_1_138' title='bbox 418 3477 574 3554; x_wconf 86' lang='lat' dir='ltr'><strong>Scitanti</strong></span> <span class='ocrx_word' id='word_1_139' title='bbox 585 3480 689 3553; x_wconf 90' lang='lat' dir='ltr'><strong>Deus</strong></span> <span class='ocrx_word' id='word_1_140' title='bbox 702 3477 795 3552; x_wconf 89' lang='lat' dir='ltr'><strong>huic</strong></span> <span class='ocrx_word' id='word_1_141' title='bbox 807 3479 854 3564; x_wconf 86' lang='lat' dir='ltr'><strong>dc</strong></span> <span class='ocrx_word' id='word_1_142' title='bbox 869 3482 1024 3578; x_wconf 85' lang='lat' dir='ltr'><strong>conjuge</strong></span> <span class='ocrx_word' id='word_1_143' title='bbox 1033 3510 1044 3578; x_wconf 82' lang='lat'>3</span> <span class='ocrx_word' id='word_1_144' title='bbox 1059 3481 1244 3578; x_wconf 85' lang='lat' dir='ltr'><strong>Conjuge,</strong></span> <span class='ocrx_word' id='word_1_145' title='bbox 1262 3478 1382 3578; x_wconf 81' lang='lat' dir='ltr'><strong>dixit,</strong></span> 
     </span>
    </p>
   </div>
   <div class='ocr_carea' id='block_1_7' title="bbox 418 3674 1581 3856">
    <p class='ocr_par' dir='ltr' id='par_1_8' title="bbox 418 3674 1581 3856">
     <span class='ocr_line' id='line_1_22' title="bbox 462 3674 1581 3756; baseline 0.002 -24"><span class='ocrx_word' id='word_1_146' title='bbox 462 3677 472 3708; x_wconf 90' lang='lat'>¹</span> <span class='ocrx_word' id='word_1_147' title='bbox 496 3676 537 3732; x_wconf 87' lang='lat' dir='ltr'><strong>Le</strong></span> <span class='ocrx_word' id='word_1_148' title='bbox 550 3674 657 3750; x_wconf 72' lang='lat' dir='ltr'><strong>poete,</strong></span> <span class='ocrx_word' id='word_1_149' title='bbox 669 3693 725 3752; x_wconf 81' lang='lat' dir='ltr'><strong>par</strong></span> <span class='ocrx_word' id='word_1_150' title='bbox 740 3695 783 3734; x_wconf 89' lang='lat' dir='ltr'><strong>un</strong></span> <span class='ocrx_word' id='word_1_151' title='bbox 799 3677 862 3736; x_wconf 80' lang='lat' dir='ltr'><strong>seul</strong></span> <span class='ocrx_word' id='word_1_152' title='bbox 878 3688 962 3748; x_wconf 83' lang='lat' dir='ltr'><strong>mot,</strong></span> <span class='ocrx_word' id='word_1_153' title='bbox 977 3676 1106 3754; x_wconf 81' lang='lat' dir='ltr'><strong>exprime</strong></span> <span class='ocrx_word' id='word_1_154' title='bbox 1123 3676 1289 3754; x_wconf 79' lang='lat' dir='ltr'><strong>qu&#39;Adonis</strong></span> <span class='ocrx_word' id='word_1_155' title='bbox 1303 3677 1449 3756; x_wconf 82' lang='lat' dir='ltr'><strong>interrege</strong></span> <span class='ocrx_word' id='word_1_156' title='bbox 1571 3703 1581 3728; x_wconf 55' lang='lat' dir='ltr'>a</span> 
     </span>
     <span class='ocr_line' id='line_1_23' title="bbox 418 3769 1580 3856; baseline -0.001 -23"><span class='ocrx_word' id='word_1_157' title='bbox 418 3771 557 3833; x_wconf 75' lang='lat' dir='ltr'><strong>iadeesse</strong></span> <span class='ocrx_word' id='word_1_158' title='bbox 575 3793 629 3832; x_wconf 87' lang='lat' dir='ltr'><strong>sur</strong></span> <span class='ocrx_word' id='word_1_159' title='bbox 645 3773 674 3830; x_wconf 84' lang='lat' dir='ltr'><strong>la</strong></span> <span class='ocrx_word' id='word_1_160' title='bbox 690 3793 777 3834; x_wconf 80' lang='lat' dir='ltr'><strong>cause</strong></span> <span class='ocrx_word' id='word_1_161' title='bbox 794 3775 830 3833; x_wconf 90' lang='lat' dir='ltr'><strong>de</strong></span> <span class='ocrx_word' id='word_1_162' title='bbox 849 3797 880 3834; x_wconf 83' lang='lat' dir='ltr'><strong>sa</strong></span> <span class='ocrx_word' id='word_1_163' title='bbox 896 3779 1001 3849; x_wconf 80' lang='lat' dir='ltr'><strong>haine,</strong></span> <span class='ocrx_word' id='word_1_164' title='bbox 1020 3797 1087 3837; x_wconf 80' lang='lat' dir='ltr'><strong>sans</strong></span> <span class='ocrx_word' id='word_1_165' title='bbox 1105 3798 1164 3856; x_wconf 90' lang='lat' dir='ltr'><strong>que</strong></span> <span class='ocrx_word' id='word_1_166' title='bbox 1181 3780 1211 3836; x_wconf 82' lang='lat' dir='ltr'><strong>la</strong></span> <span class='ocrx_word' id='word_1_167' title='bbox 1227 3779 1380 3836; x_wconf 75' lang='lat' dir='ltr'><strong>narretion</strong></span> <span class='ocrx_word' id='word_1_168' title='bbox 1395 3779 1451 3834; x_wconf 85' lang='lat' dir='ltr'><strong>soit</strong></span> <span class='ocrx_word' id='word_1_169' title='bbox 1578 3769 1580 3853; x_wconf 50' lang='lat' dir='ltr'>s</span> 
     </span>
    </p>
   </div>
   <div class='ocr_carea' id='block_1_8' title="bbox 417 3876 629 3948">
    <p class='ocr_par' dir='ltr' id='par_1_9' title="bbox 417 3876 629 3948">
     <span class='ocr_line' id='line_1_24' title="bbox 417 3876 629 3948; baseline -0.014 -16"><span class='ocrx_word' id='word_1_170' title='bbox 417 3876 629 3948; x_wconf 84' lang='lat' dir='ltr'><strong>interrempue.</strong></span> 
     </span>
    </p>
   </div>
   <div class='ocr_carea' id='block_1_9' title="bbox 460 3969 1447 4050">
    <p class='ocr_par' dir='ltr' id='par_1_10' title="bbox 460 3943 1577 4059">
     <span class='ocr_line' id='line_1_25' title="bbox 460 3969 1447 4050; baseline -0.006 -19"><span class='ocrx_word' id='word_1_171' title='bbox 460 3976 474 4004; x_wconf 83' lang='lat'><strong>¹</strong></span> <span class='ocrx_word' id='word_1_172' title='bbox 501 3971 604 4043; x_wconf 90' lang='lat' dir='ltr'><strong>Quelle</strong></span> <span class='ocrx_word' id='word_1_173' title='bbox 626 3969 750 4030; x_wconf 72' lang='lat' dir='ltr'><strong>vivacite</strong></span> <span class='ocrx_word' id='word_1_174' title='bbox 768 3971 805 4030; x_wconf 87' lang='lat' dir='ltr'><strong>de</strong></span> <span class='ocrx_word' id='word_1_175' title='bbox 828 3974 923 4048; x_wconf 77' lang='lat' dir='ltr'><strong>style!</strong></span> <span class='ocrx_word' id='word_1_176' title='bbox 945 3975 1041 4050; x_wconf 85' lang='lat' dir='ltr'><strong>quelle</strong></span> <span class='ocrx_word' id='word_1_177' title='bbox 1061 3973 1210 4031; x_wconf 74' lang='lat' dir='ltr'><strong>briivett!</strong></span> <span class='ocrx_word' id='word_1_178' title='bbox 1231 3993 1275 4030; x_wconf 86' lang='lat' dir='ltr'><strong>un</strong></span> <span class='ocrx_word' id='word_1_179' title='bbox 1296 3973 1359 4030; x_wconf 85' lang='lat' dir='ltr'><strong>seul</strong></span> <span class='ocrx_word' id='word_1_180' title='bbox 1383 3993 1447 4030; x_wconf 72' lang='lat' dir='ltr'><strong>vers</strong></span> 
     </span>
    </p>
   </div>
   <div class='ocr_carea' id='block_1_10' title="bbox 345 4067 1445 4150">
    <p class='ocr_par' dir='ltr' id='par_1_11' title="bbox 345 4067 1445 4150">
     <span class='ocr_line' id='line_1_26' title="bbox 345 4067 1445 4150; baseline -0.002 -24"><span class='ocrx_word' id='word_1_181' title='bbox 345 4073 348 4084; x_wconf 92' lang='lat'>&#39;</span> <span class='ocrx_word' id='word_1_182' title='bbox 418 4068 546 4146; x_wconf 82' lang='lat' dir='ltr'><strong>exprime</strong></span> <span class='ocrx_word' id='word_1_183' title='bbox 556 4067 689 4130; x_wconf 72' lang='lat' dir='ltr'><strong>t-ta-tois</strong></span> <span class='ocrx_word' id='word_1_184' title='bbox 701 4082 730 4128; x_wconf 89' lang='lat' dir='ltr'><strong>et</strong></span> <span class='ocrx_word' id='word_1_185' title='bbox 739 4071 768 4129; x_wconf 84' lang='lat' dir='ltr'><strong>la</strong></span> <span class='ocrx_word' id='word_1_186' title='bbox 776 4071 900 4150; x_wconf 68' lang='lat' dir='ltr'><strong>legeretd</strong></span> <span class='ocrx_word' id='word_1_187' title='bbox 911 4083 940 4129; x_wconf 89' lang='lat' dir='ltr'><strong>et</strong></span> <span class='ocrx_word' id='word_1_188' title='bbox 949 4073 976 4130; x_wconf 79' lang='lat' dir='ltr'><strong>Ia</strong></span> <span class='ocrx_word' id='word_1_189' title='bbox 986 4073 1091 4130; x_wconf 83' lang='lat' dir='ltr'><strong>beautc&#39;</strong></span> <span class='ocrx_word' id='word_1_190' title='bbox 1102 4071 1260 4146; x_wconf 84' lang='lat' dir='ltr'><strong>accomplie</strong></span> <span class='ocrx_word' id='word_1_191' title='bbox 1270 4071 1445 4126; x_wconf 78' lang='lat' dir='ltr'><strong>d&#39;Atulantc.</strong></span> 
     </span>
    </p>
   </div>
   <div class='ocr_carea' id='block_1_11' title="bbox 1572 4133 1574 4265">
    <p class='ocr_par' dir='ltr' id='par_1_12' title="bbox 1572 4133 1574 4265">
     <span class='ocr_line' id='line_1_27' title="bbox 1572 4133 1574 4265; baseline 0 0"><span class='ocrx_word' id='word_1_192' title='bbox 1572 4133 1574 4265; x_wconf 80' lang='lat' dir='ltr'><strong>l</strong></span> 
     </span>
    </p>
   </div>
   <div class='ocr_carea' id='block_1_12' title="bbox 0 0 1618 5333">
    <p class='ocr_par' dir='ltr' id='par_1_13' title="bbox 0 0 1618 5333">
     <span class='ocr_line' id='line_1_28' title="bbox 0 0 1618 5333; baseline 0 0"><span class='ocrx_word' id='word_1_193' title='bbox 0 0 1618 5333; x_wconf 95' lang='lat' dir='ltr'><strong> </strong></span> 
     </span>
    </p>
   </div>
  </div>
 </body>
</html>
