3252 5348
440 543 465 622 4
556 557 641 618 uus
669 533 1109 616 uirauournosrs
1139 561 1362 641 norror,

439 714 551 788 sexta
562 712 807 808 resurgebant
821 705 977 780 orientis
990 731 1133 780 cornua
1147 705 1308 784 Phoebes
1325 736 1333 783 :

438 847 487 922 Et
501 845 687 945 pendebat
698 841 824 916 adhue
836 838 925 912 belli
939 837 1123 934 Fortuna,
1138 838 1283 935 diuque

366 996 375 1012 ⁸
436 976 541 1054 Inter
553 987 761 1072 utrumque
775 970 877 1044 volat
891 968 1018 1042 dubiis
1030 969 1197 1044 Victoria
1210 971 1344 1068 pennis
1361 977 1387 1045 ¹.

485 1107 600 1204 Regia
609 1103 730 1180 'turris
742 1109 823 1176 erat
835 1101 1028 1176 vocalibus
1045 1101 1172 1176 addita
1185 1103 1326 1202 muris,

436 1237 484 1314 In
497 1237 636 1334 quibus
648 1245 817 1308 aureum
831 1232 954 1330 proles
967 1233 1096 1306 Letoia
1111 1231 1233 1308 fertur

433 1367 660 1466 Deposuisse
672 1364 794 1462 lyram
812 1393 819 1438 :
835 1389 925 1438 saxo
940 1389 1055 1438 sonus
1070 1367 1150 1462 ejus
1165 1365 1330 1440 inhaesit.

433 1499 540 1596 sepe
553 1497 645 1570 illuc
657 1493 766 1568 solita
777 1506 836 1566 est
848 1494 1045 1598 ascendere
1056 1493 1134 1570 filia
1146 1498 1248 1594 Nisi3

434 1631 484 1706 Et
495 1604 623 1730 petere
636 1628 771 1724 exiguo
786 1627 1000 1701 resonantia
1011 1652 1101 1702 saxa
1111 1627 1259 1724 lapillo,

432 1758 539 1834 Tinn
550 1757 639 1830 citm
653 1781 731 1853 pax
743 1768 837 1830 esset
853 1784 861 1829 :
876 1755 974 1828 bello
987 1777 1141 1851 quoque
1153 1779 1250 1851 saepe
1262 1745 1402 1852 solebat

434 1891 607 1990 Spectare
620 1913 668 1962 ex
682 1887 747 1962 illst
758 1887 870 1986 rigidi
883 1887 1088 1960 certamina
1099 1886 1243 1961 Martis.
1423 1899 1428 1910 ’
1621 1975 1622 1982 ¹

433 2021 609 2117 Jamque,
624 2017 731 2092 mort
744 2017 851 2113 belli,
869 2041 1071 2113 procertun
1086 2041 1240 2114 quoque
1255 2017 1411 2090 nomina
1422 2031 1553 2116 norat,
1618 2083 1623 2122 ἰ.

434 2151 638 2247 Armaque,
646 2147 1554 2246 equosquehabitusqueCydoneasquepharetras.
1613 2209 1623 2254 ᾧ

433 2277 598 2354 Noverat
610 2287 696 2348 ante
710 2274 801 2348 alios
814 2274 946 2349 faciem
959 2274 1067 2349 ducis
1080 2277 1275 2374 Eurupaei3
1613 2374 1618 2380 Ι

435 2405 526 2480 Plus
538 2404 669 2501 etiam,
687 2404 802 2501 quim
818 2429 928 2478 nosse
944 2417 999 2479 sat
1013 2418 1079 2480 est.
1095 2405 1173 2478 Hae
1186 2405 1331 2504 judice,
1345 2405 1490 2504 Minos,
1620 2475 1623 2492 Ν,

434 2534 511 2630 Seu
525 2545 638 2630 eaput
648 2532 841 2608 abdiderat
855 2533 1004 2607 cristata
1015 2534 1156 2607 casside
1170 2535 1324 2631 pennis,
1619 2507 1623 2518 *

434 2665 481 2740 ln
494 2663 593 2762 galesi
606 2661 793 2738 formosus
807 2674 886 2735 erat
903 2691 911 2736 :
926 2689 993 2736 seu
1007 2677 1217 2760 sumpserat
1229 2691 1323 2738 auro

432 2795 462 2870 F
463 2796 652 2891 ulgentem
667 2793 862 2888 elypeum,
877 2793 1054 2890 clypeum
1067 2795 1269 2891 sumpsisse
1281 2779 1448 2872 decebat.¹

433 2923 610 2996 Torserat
621 2918 791 2992 adductis
804 2920 953 2993 hastilia
967 2921 1068 2995 lenta
1080 2921 1253 2996 lacertis?
1474 2909 1477 2916 ’

434 3047 627 3126 Laudabat
641 3044 747 3141 virgo
761 3048 929 3141 junctam
943 3073 1031 3122 cum
1048 3048 1195 3121 viribus
1210 3061 1341 3126 artem.

432 3178 614 3275 Imposito
627 3177 773 3273 patulos
786 3177 927 3251 calamo
942 3179 1157 3252 sinuaverat
1169 3203 1277 3252 arcus
1293 3179 1332 3250 ⁸?

436 3312 499 3386 Sic
511 3311 698 3384 Phoebum
712 3313 872 3407 sumptis
884 3313 1030 3407 jurabat
1042 3321 1138 3384 stare
1153 3311 1304 3409 sagittis.

436 3441 534 3516 Cinn
547 3443 638 3514 verb
650 3439 782 3516 faeiem
799 3441 950 3539 dempto
962 3441 1173 3515 nudaverat
1185 3467 1279 3538 sere,

435 3571 730 3670 Ptupureusque
747 3571 822 3646 ani
838 3575 962 3646 stratis
974 3571 1135 3669 iusignia
1147 3571 1257 3670 pictis

480 3787 490 3818 ¹
514 3788 635 3844 Alatam
650 3786 805 3845 Victoriam
823 3791 968 3864 eleganter
974 3787 1169 3866 fingicpoe‘fta
1177 3830 1188 3861 ,
1203 3789 1382 3868 quodmodo
1396 3785 1471 3858 huc,

439 3883 526 3941 modo
538 3885 607 3938 illue
619 3887 722 3940 volare
734 3887 859 3942 videtur.

479 3985 493 4015 ¹
516 3981 639 4040 Calama
645 4023 655 4056 ,
670 3983 697 4040 le
710 3983 775 4043 bois
787 3985 935 4062 emplum&
951 3983 988 4045 de
1001 3987 1031 4046 la
1043 3984 1145 4046 fleche.
