3262 5342
417 505 469 582 to
533 517 618 575 uns
647 487 1089 572 utosuoneuosns
1118 507 1348 586 noviss,

417 673 514 746 Cum
528 669 690 744 clamore
704 666 849 739 animos
865 685 874 731 τ
889 661 1108 759 jaciuntque
1119 660 1204 733 sine
1213 659 1347 734 ordine
1362 658 1453 733 teta.

416 797 546 872 Turba
560 803 670 868 nocet
686 791 788 886 jactis
801 819 810 886 3
828 801 884 886 et,
900 812 994 886 quos
1009 785 1125 884 pe'tit,
1138 787 1297 884 impedit
1309 787 1421 860 ictias.

466 929 577 1022 Eoce,
593 923 723 1000 furens
736 933 948 996 continsua
960 916 1051 1014 fata,
1067 918 1282 1017 bipennifer
1295 919 1409 996 Asos
1423 924 1455 1015 ¹,

418 1061 560 1137 Discite
573 1059 762 1134 foemineis
775 1055 869 1155 quid
885 1055 959 1129 tela
971 1052 1099 1127 virilia
1111 1063 1311 1150 praestent,

416 1191 451 1264 Ο
468 1190 646 1284 juvenes!
664 1185 844 1284 operique
859 1209 944 1258 meo
959 1180 1172 1278 oonoedite,
1185 1180 1299 1256 dixit.

415 1316 500 1413 Ipsa
511 1316 589 1388 suis
605 1315 691 1440 hiet
707 1312 812 1386 hunc
826 1311 983 1387 latonia
994 1322 1159 1409 pmtegat
1173 1309 1288 1386 armis
1301 1318 1332 1406 ¹,

415 1441 530 1516 Hnnc
543 1437 691 1535 tamen',
705 1439 849 1534 inviis,
863 1439 1024 1538 perimet
1035 1438 1279 1538 saesdema,
1294 1437 1432 1514 Diand.

415 1569 521 1644 Talia
532 1569 772 1665 magniloquo
784 1566 956 1641 timidus
971 1581 1244 1643 memoraverat
1256 1593 1321 1642 ore
1337 1596 1346 1642 :

309 1787 312 1794 ‚
413 1699 838 1796 Ancipitemquemanu
851 1699 985 1772 tollens
1001 1699 1165 1798 utrique
1178 1701 1366 1797 securim,

414 1831 607 1904 Institerat
620 1828 764 1926 digitis,
778 1829 921 1926 primos
935 1855 1142 1927 suspensus
1152 1830 1194 1904 in
1209 1813 1358 1904 artus‘.

414 1961 583 2055 Occupat
595 1957 774 2032 audacem
791 1987 799 2032 :
815 1957 966 2056 qudque
982 1971 1038 2034 est
1052 1960 1116 2034 via
1127 1962 1301 2058 p'ronima
1312 1959 1406 2058 leto,

415 2089 574 2162 Summa
585 2087 692 2162 ferus
704 2087 871 2186 geminos
885 2088 1027 2162 direxit
1040 2089 1083 2162 in
1097 2090 1254 2186 inguina
1267 2091 1409 2166 dentes.

414 2219 589 2294 Concidit
603 2217 762 2292 Ancaeus
779 2247 787 2292 ε
805 2217 1080 2316 glomerataque
1093 2219 1273 2318 sangnine
1286 2219 1407 2294 multo
1471 2285 1477 2294 .

240 2347 244 2365 '
344 2367 345 2370 ’
414 2345 587 2442 Viscera,
599 2346 702 2443 lapsa
716 2345 863 2444 fluunt3
881 2345 1160 2447 madefactaque
1174 2364 1274 2424 terra
1286 2375 1421 2424 eruore
1434 2363 1506 2425 ut.

414 2479 496 2552 Ibat
509 2478 551 2550 in
564 2477 785 2575 adversum,
801 2478 923 2576 proles
938 2479 1101 2576 Ixionis,
1118 2480 1266 2556 hostem

411 2610 625 2707 Piriusoas,
641 2609 765 2684 valida
781 2612 953 2708 quatiens
965 2613 1152 2688 venabula
1163 2613 1308 2689 demi.

413 2741 486 2818 Cui
501 2741 633 2838 procul
648 2739 815 2838 AEgides,
829 2743 884 2815 0!
901 2767 962 2814 me
976 2742 1075 2816 mihi
1088 2744 1227 2842 carior,
1242 2743 1389 2842 inquit,

413 2869 502 2942 Pars
519 2869 673 2962 animae,
689 2871 865 2966 consiste,
882 2896 976 2946 meae
992 2899 1001 2944 ε
1019 2871 1107 2946 licet
1120 2874 1270 2946 eminus
1283 2898 1366 2949 esse

413 2996 588 3071 Fortibus
605 3023 613 3068 :
628 2995 769 3071 Ancaeo
781 2999 913 3072 nocuit
926 3002 1123 3074 temeraria
1138 3002 1278 3078 virtus..
1329 3023 1334 3030 '

461 3130 572 3204 Dixit
590 3156 599 3201 ε
616 3139 654 3202 et
669 3129 780 3204 aeratd
797 3133 905 3206 torsit
920 3159 1033 3230 grave
1048 3113 1201 3232 mispide
1217 3161 1403 3210 cornum:

413 3259 500 3348 Quo
516 3263 612 3336 bene
624 3261 777 3358 librate,
792 3265 949 3361 votique
962 3276 1115 3362 potente
1130 3263 1282 3362 futuro,

412 3393 569 3470 Obstitit
582 3392 727 3466 esculei
741 3395 942 3472 frondosus
958 3399 1005 3472 ab
1020 3399 1153 3474 arbore
1165 3425 1308 3476 ramus.

456 3589 466 3623 ¹
491 3591 605 3660 Anote,
619 3588 955 3667 originaired'droadie.

454 3708 468 3739 ¹
492 3707 518 3761 Τ
516 3707 652 3762 emerarsi'
655 3745 665 3774 ,
672 3707 905 3784 jactabundique
917 3723 961 3770 est
970 3707 1074 3771 orhab'.

455 3809 469 3850 ³
493 3818 593 3875 Gestus
613 3820 784 3893 exprimitur
799 3825 922 3884 totteaa‘s
938 3828 1060 3888 secessim
1076 3846 1114 3888 ex
1131 3825 1254 3909 uotique
1265 3843 1355 3907 parte
1374 3829 1449 3887 ἰασί-

412 3911 546 3986 dentem‚
561 3927 592 3972 ut
605 3917 732 3993 aliquem
739 3921 897 3995 persudat.
