3226 5336
455 551 524 625 262
569 565 654 622 ens
683 539 1119 620 ndn·nnonrtioses
1150 564 1377 641 novius,

453 713 530 788 Ore
544 737 736 808 premens,
753 709 927 806 Discede,
946 734 1097 806 precor3
1115 709 1328 807 miseroque
1340 707 1507 808 pudori*-
1591 783 1592 798 ,

382 885 386 904 ·
451 842 584 938 Parce,
601 841 665 916 ait.
685 841 865 937 Instanti,
883 839 1058 938 Discede,
1072 851 1139 914 aut
1151 840 1302 937 desine,
1316 839 1437 937 dixit,

451 973 729 1072 Quaererequid
739 973 761 1046 d
766 975 897 1050 oleam.
914 973 1233 1074 Scelusest,quod
1239 969 1492 1046 scirelaboras.

451 1104 590 1178 Horret
602 1131 716 1199 anus,
729 1077 1129 1202 tremulasquemanus
1140 1106 1324 1202 annisque
1336 1114 1512 1199 metuque

450 1229 608 1326 Tendit,
625 1243 661 1304 et
675 1243 762 1304 ante
774 1229 884 1328 pedes
897 1233 1058 1329 supplex
1070 1231 1285 1329 procumbit
1299 1231 1474 1304 alumna.

449 1359 497 1430 Et
510 1356 622 1436 modo
636 1355 851 1457 blanditur,
866 1359 997 1456 modo,
1014 1361 1048 1434 si
1062 1385 1143 1434 non
1155 1357 1301 1434 conscia
1315 1357 1398 1455 fiat,

449 1485 582 1559 Terret
598 1513 607 1559 :
623 1497 659 1558 et
672 1485 858 1558 indicium
872 1487 996 1582 laquei
1010 1500 1216 1585 coeptaeque
1229 1489 1398 1562 minatur

448 1613 582 1687 Mortis
599 1644 607 1689 :
623 1629 660 1689 et
673 1613 839 1689 officium
856 1615 1055 1688 commisso
1067 1614 1227 1713 spondet
1242 1617 1374 1690 amori.

497 1745 647 1819 Extulit
659 1746 721 1818 illa
734 1757 845 1842 caput
857 1804 869 1842 ,
883 1745 1135 1844 lacrymisque
1148 1747 1323 1844 implevit
1334 1743 1474 1819 obortis

447 1880 602 1952 Pectora
617 1876 778 1951 nutricis
796 1907 804 1952 τ
821 1890 1027 1976 conataque
1040 1902 1136 1976 saepe
1149 1878 1277 1976 fateri,

450 2007 554 2102 Saepe
571 2017 674 2080 tenet
686 2029 816 2079 vocem
834 2004 1156 2102 :pudibundaque
1168 2006 1336 2080 vestibus
1352 2031 1417 2106 ora

448 2136 561 2210 Texit
578 2165 585 2209 :
601 2149 657 2234 ct,
673 2137 729 2211 0!
746 2135 863 2232 dixit,
877 2135 1024 2210 felicem
1036 2138 1192 2232 conjuge
1205 2145 1365 2208 numm
1378 2135 1412 2204 ¹!

449 2268 638 2341 Hactenus
656 2297 665 2342 ε
679 2280 717 2341 et
727 2268 883 2366 gemuit.
897 2267 1048 2341 Gelidos
1061 2268 1221 2342 nutricis
1233 2267 1275 2340 in
1291 2278 1396 2339 artus

449 2405 634 2502 Ossaque,
649 2403 765 2476 sensit
778 2401 901 2498 enirn,
915 2411 1087 2500 penetrat
1098 2413 1240 2474 tremor
1257 2429 1265 2472 :
1281 2399 1439 2495 albaque
1450 2406 1529 2468 toto

449 2533 598 2608 Venice
610 2534 762 2606 canities
776 2531 904 2628 rigidis
917 2532 1021 2604 stetit
1035 2531 1136 2604 hirta
1149 2531 1313 2628 capillis:

448 2665 661 2763 Multaque,
681 2675 726 2735 ut
742 2671 934 2735 excuteret
946 2661 1068 2758 diros,
1087 2661 1119 2734 si
1131 2673 1273 2758 posset,
1288 2670 1467 2755 amores,

449 2795 618 2871 Addidit.
638 2795 688 2868 At
700 2793 808 2890 virgo
820 2792 890 2865 scit
905 2818 944 2865 se
957 2817 1036 2866 non
1048 2792 1137 2866 falsa
1149 2790 1316 2866 monen':

449 2925 557 3006 Certa
573 2925 672 3003 mori
689 2936 815 2998 tamen
831 2937 905 3022 est,
924 2925 957 2999 si
969 2947 1048 2998 non
1060 2924 1227 3024 potiatur
1242 2935 1376 2996 amato.

494 3157 505 3187 ³
529 3153 645 3215 Patare
656 3193 665 3224 ,
678 3153 753 3212 dans
770 3154 799 3211 la
810 3151 940 3230 trngtdia
957 3153 995 3211 de
1012 3153 1144 3224 Recine,
1162 3152 1290 3229 exprime
1303 3149 1485 3228 i-pen-prts

451 3253 488 3311 de
502 3254 596 3310 mtme
609 3271 653 3311 ses
665 3250 800 3309 remords
814 3263 842 3307 et
856 3268 887 3307 sa
900 3251 1009 3307 honte:

609 3573 646 3622 'su
657 3569 766 3621 tunm·
773 3569 913 3627 tumen,
924 3574 944 3618 ti
953 3571 977 3632 je
989 3573 1101 3636 rumpite
1112 3573 1208 3620 adesce.

495 3711 509 3742 ⁵
532 3705 672 3784 F't'greratd
691 3703 820 3760 emtione
842 3702 928 3759 untur
946 3699 1091 3778 Myrrha,
1113 3705 1170 3780 qud
1188 3699 1332 3761 honestius
1350 3723 1483 3760 amorem

454 3823 536 3861 suum
550 3805 703 3878 iupatrem
714 3800 818 3856 nutrici
825 3796 1005 3872 corfitedtur.
1015 3803 1080 3858 Hac
1088 3801 1263 3876 verojigwd
1271 3821 1307 3858 ea
1316 3801 1483 3876 significare

453 3903 595 3968 solemus,
612 3917 679 3974 quoe
695 3899 722 3956 εἰ
736 3897 837 3982 apert&
853 3899 1031 3972 dicerennrr,
1051 3897 1146 3956 mancis
1163 3899 1311 3966 decerent,
1331 3897 1489 3974 tarneque

452 3998 626 4058 uiderentur.
