3252 5348
425 565 450 642 6
540 581 624 640 nes
652 552 1089 664 ndrsnonrnoses
1119 578 1350 656 novior,

424 729 541 830 Terga
557 720 747 830 premebat
762 728 870 825 equi,
887 724 1177 824 spumantiaque
1189 751 1254 800 ora
1269 725 1434 823 regebat3

424 865 503 939 vix
515 891 582 938 suo
596 871 624 960 ¹,
638 863 709 937 vix
721 887 809 936 sane
821 859 927 957 virgo
942 857 1067 934 Niseia
1079 883 1231 956 eompos

425 993 563 1067 Mentis
577 1003 667 1066 erat.
683 988 790 1064 Felix
802 988 989 1086 jaculum,
1004 987 1104 1086 quod
1120 1000 1287 1087 tangeret
1301 987 1383 1086 ille,

427 1122 728 1218 Quaequemanu
739 1129 944 1217 premeret,
962 1117 1391 1195 feliciefimnevooebet.
1530 1205 1536 1209 ,
1594 1130 1595 1153 ¹

426 1255 594 1352 Impetus
607 1267 662 1329 est
674 1253 750 1352 illi,
764 1254 873 1328 liceat
883 1253 1017 1353 mode,
1031 1253 1130 1330 serre
1145 1279 1214 1352 per
1227 1277 1358 1354 agmen

425 1385 620 1484 virgineos
632 1367 767 1461 hostile
778 1383 913 1483 gmdus
930 1413 938 1460 :
953 1397 1009 1459 est
1021 1385 1185 1484 impetus
1199 1384 1278 1481 illi,

425 1515 612 1592 Turribus
625 1545 645 1592 e
658 1515 817 1592 summis
828 1515 871 1590 in
883 1513 1043 1588 Gnossia
1053 1512 1204 1588 mittere
1218 1534 1355 1610 oorpus
1379 1581 1383 1590 .

426 1649 570 1745 Caene,
583 1649 647 1724 vel
661 1660 790 1724 aeratas
800 1647 902 1724 hosti
915 1647 1110 1726 recludere
1122 1659 1271 1748 portae3

426 1778 496 1854 vel
509 1780 646 1878 siquid
660 1780 784 1856 Minos
800 1780 904 1856 aliud
918 1781 1024 1857 velit.
1039 1779 1168 1881 thue
1181 1781 1330 1857 sedebat

426 1907 594 1982 Candido
605 1909 740 1983 Dietaei
754 1922 921 2007 spectans
937 1909 1100 1985 tentoria
1111 1911 1207 2008 regis
1218 1940 1229 2006 ;

427 2033 565 2128 Laeter,
579 2035 650 2134 eit,
668 2035 864 2111 doleamne
876 2037 954 2136 geri
966 2037 1208 2137 lacrymabile
1221 2035 1385 2132 bellum,

409 2159 475 2244 ”ln
488 2169 606 2245 dubio
618 2184 673 2246 est
690 2201 698 2246 :
713 2171 822 2246 doleo
834 2171 937 2270 quod
952 2171 1077 2247 Minos
1088 2170 1209 2246 hostis
1221 2170 1360 2244 amanti
1375 2175 1442 2239 est.

429 2299 501 2374 Sed
518 2301 594 2376 nisi
607 2300 704 2376 belle
715 2299 856 2400 serent,
871 2301 1063 2401 numquid
1077 2302 1175 2378 mihi
1189 2301 1357 2400 cognitus
1369 2293 1487 2371 esset?

430 2433 492 2508 Me
505 2444 633 2510 tamen
647 2435 813 2535 accepte,
827 2447 973 2536 poterat
984 2439 1173 2536 deponere
1184 2437 1327 2512 bellum
1340 2441 1371 2532 ¹,

431 2566 571 2642 Obside
587 2596 595 2642 ε
610 2595 671 2644 me
686 2569 883 2664 comitem,
898 2593 959 2642 me
972 2567 1072 2666 pacis
1084 2567 1222 2666 pignus
1233 2565 1383 2640 habere.

431 2695 491 2792 si,
507 2723 592 2795 quae
608 2711 645 2771 te
660 2697 826 2794 peperit,
840 2697 943 2792 telis,
957 2697 1214 2793 pulcherrime
1228 2720 1379 2789 rerum,

433 2823 565 2910 Qualis
582 2851 619 2899 es
635 2827 735 2923 ipse,
751 2824 846 2922 fuit,
861 2827 998 2901 merito
1010 2828 1113 2902 Deus
1129 2828 1219 2902 arsit
1232 2827 1276 2900 in
1287 2825 1363 2900 illt.

435 2952 489 3024 O!
508 2974 573 3046 ego
586 2961 645 3024 ter
658 2949 770 3049 felix,
786 2953 838 3050 si,
856 2953 993 3050 pennis
1008 2953 1110 3052 lapsa
1124 2979 1194 3052 per
1208 2977 1334 3048 aures,

435 3079 627 3155 Gnossieoi
640 3109 793 3180 possum
811 3086 939 3161 castris
954 3087 1127 3162 insistere
1142 3088 1258 3186 regis!

434 3211 615 3310 Fessaque
628 3240 689 3288 me
700 3213 943 3314 flammasque
958 3241 1078 3312 meas,
1096 3217 1173 3314 qul
1186 3215 1291 3310 dote,
1305 3235 1490 3310 rogarem,

436 3340 557 3416 Vellet
570 3345 666 3418 emil
683 3347 831 3420 tantlrm
847 3347 985 3444 patrias
1001 3371 1051 3420 ne
1064 3356 1232 3444 posceret
1246 3367 1358 3418 eroes.

481 3558 491 3589 ¹
519 3558 584 3616 Vix.
601 3558 644 3620 Le
656 3557 813 3638 repetition
826 3560 864 3620 de
876 3574 951 3622 cette
963 3563 1106 3642 particule
1119 3563 1215 3622 anime
1228 3573 1258 3622 et
1270 3558 1425 3640 passionne
1438 3558 1466 3615 le

439 3656 523 3732 style.

481 3776 495 3806 ¹
517 3771 668 3848 Deponere
677 3773 791 3832 benum.
806 3777 854 3836 On
866 3778 916 3838 edt
926 3781 981 3840 mie
991 3781 1253 3860 enproseserrum.
1267 3776 1369 3852 Quelle
1379 3774 1464 3832 dins-

440 3887 525 3928 rence
537 3871 544 3926 l
558 3869 701 3929 Corneille
714 3889 731 3930 o
744 3871 787 3930 dit
799 3891 870 3934 aveo
880 3878 909 3937 le
919 3881 1013 3938 meme
1026 3881 1157 3958 dumgio,
1168 3905 1182 3936 ι
1194 3879 1224 3940 le
1235 3893 1397 3955 rengeence
1411 3873 1466 3929 lla

439 3965 519 4028 mein
533 3991 562 4040 v,
576 3985 655 4048 pour
667 3967 757 4030 dirs-
770 3973 797 4032 le
810 3974 955 4056 poigmrd
969 3981 1025 4040 llr
1037 3981 1116 4040 nnio
1131 4004 1155 4037 ι.
