3226 5336
399 547 470 623 256
517 559 601 616 scs
631 525 1070 612 ni'rsnonrnosns
1099 547 1323 622 movros,

394 712 501 788 Velle
514 719 606 808 puta
616 733 625 780 ε
637 729 697 778 res
709 701 789 800 ipsa
801 709 903 775 vetat
919 727 927 772 τ
943 697 1031 795 pius
1045 697 1128 794 ille,
1147 723 1369 794 memorque

395 849 418 922 J
422 847 500 922 uris
514 835 527 919 ι’
538 839 630 916 eto!
649 837 785 914 vellem
799 805 932 908 similis
948 831 1059 906 furor
1075 844 1168 907 esset
1180 831 1223 906 in
1240 833 1327 904 illo!

444 978 614 1055 Dixerat.
631 973 681 1048 At
693 971 872 1067 Cinyras,
892 991 1006 1065 quem
1020 968 1127 1064 copia
1139 965 1251 1064 digna
1261 988 1491 1064 procorum,

395 1112 500 1206 Quid
514 1110 642 1204 faciat,
661 1105 836 1186 dubitare
851 1097 958 1196 facit,
978 1101 1133 1174 scitatur
1144 1103 1191 1174 ab
1207 1099 1306 1197 ipsd,

395 1244 622 1326 Nominibus
635 1237 763 1332 dictis,
781 1235 891 1330 cujus
907 1232 1002 1308 velit
1017 1235 1094 1307 esse
1110 1235 1249 1308 mariti.

395 1379 465 1456 Illa
480 1375 564 1450 silet
578 1372 729 1472 primos
744 1363 1006 1468 paniisque'in
1022 1365 1193 1440 vultibus
1205 1364 1370 1458 haerens,

372 1572 376 1584 .
396 1512 567 1607 AEstuat,'
581 1519 618 1582 et
633 1504 761 1605 tepido
776 1498 964 1576 suffundit
979 1499 1129 1574 lumina
1144 1527 1241 1574 rore.

394 1643 565 1746 Virginei
578 1643 735 1740 Cinyras
748 1635 830 1710 haec
845 1635 1001 1710 credens
1017 1661 1094 1708 csse
1109 1633 1275 1729 timoris,

394 1781 500 1857 Flere
513 1789 632 1873 vetat3
650 1776 835 1870 siccatque
849 1797 978 1868 genus,
995 1782 1108 1868 atque
1121 1767 1247 1844 oscula
1258 1765 1392 1864 jungit.

393 1917 552 2018 Myrrha
566 1913 661 1988 datis
679 1889 845 1986 niuiium
861 1908 995 2006 gaudet
1012 1935 1020 1980 ε
1036 1907 1300 2003 consultaque,
1319 1901 1469 2004 qualem

393 2059 510 2151 Optet
524 2049 662 2125 habere
679 2049 829 2143 virum,
848 2044 1018 2118 Similem
1031 2043 1121 2136 tibi,
1139 2040 1252 2114 dixit.
1270 2039 1320 2112 At
1332 2035 1395 2112 ille

392 2187 479 2262 Non
496 2183 722 2258 intellectam
734 2205 866 2256 vocem
880 2178 1083 2274 collaudat3
1103 2189 1158 2274 et,
1177 2177 1267 2250 Esto

390 2321 487 2396 Tam
500 2318 563 2418 pia
575 2343 743 2416 semper,
757 2317 822 2390 ait.
837 2313 990 2388 Pietatis
1002 2294 1158 2387 nomine
1169 2311 1291 2404 dicto,

393 2451 554 2528 Demisit
567 2449 720 2543 vultus,
739 2445 885 2519 sceleris
899 2445 971 2518 sibi
984 2443 1149 2538 conscio,
1167 2442 1286 2538 virgo.

440 2583 567 2661 Noctis
582 2592 660 2656 erat
673 2573 843 2653 medium
852 2635 863 2674 ,
882 2599 1065 2673 curasque
1081 2588 1118 2648 et
1130 2587 1280 2673 pectem
1292 2597 1451 2648 somnus

391 2721 560 2796 Solverat
574 2745 581 2788 :
597 2728 635 2788 at
648 2703 755 2809 iirgo
770 2711 946 2808 Cinyreia
959 2697 1117 2808 pervigil
1134 2709 1211 2806 igni
1228 2717 1237 2747 ¹

391 2849 567 2946 Carpitur
579 2843 786 2944 indomito,
804 2841 1022 2941 furiosaque
1038 2855 1126 2918 vota
1141 2855 1325 2918 retractat.

389 2981 438 3054 Et
452 2946 768 3074 mod'oidesperaq
783 2975 897 3050 modd
910 2977 996 3052 vult
1008 2989 1152 3054 tentare
1168 3005 1176 3051 :
1192 2977 1385 3076 pudetque
1399 2986 1430 3076 ⁸,

389 3115 437 3188 Et
448 3116 554 3212 cupit
560 3143 571 3209 3
589 3124 644 3210 et,
659 3109 761 3208 quod
774 3123 871 3210 agat,
890 3139 969 3186 non
983 3112 1145 3187 invenit.
1164 3111 1290 3210 thue
1302 3113 1424 3188 securi

434 3313 443 3344 ¹
468 3311 508 3368 Ce
520 3319 667 3368 contrane
680 3307 723 3366 du
736 3326 826 3384 repos
837 3308 890 3385 qqi
901 3308 991 3387 regne
1006 3307 1082 3368 dant
1093 3321 1177 3368 toute
1189 3309 1218 3366 la
1231 3319 1338 3366 nature
1351 3327 1422 3368 avec

389 3412 419 3468 la
429 3410 537 3468 cruelle
550 3409 723 3485 inquie'tnde
733 3409 769 3467 de
783 3410 924 3485 Myrrha,
938 3421 981 3467 est
996 3409 1069 3468 d'nn
1080 3409 1175 3488 grand
1187 3409 1266 3467 esset.
1283 3411 1325 3468 Le
1335 3415 1422 3486 poete

389 3512 547 3589 n'amplifie
559 3526 612 3588 pas
623 3533 633 3584 ς
646 3513 719 3572 mais
732 3513 753 3570 il
767 3533 804 3570 cn
814 3513 857 3569 dit
871 3533 961 3572 assez.
973 3515 998 3570 11
1010 3517 1126 3572 rcserve
1139 3534 1183 3572 ses
1193 3513 1331 3572 couleurs
1341 3533 1422 3589 pour

390 3633 450 3672 nne
461 3615 640 3691 description
650 3615 717 3690 plus
728 3616 838 3692 longus
854 3625 884 3672 et
896 3617 963 3690 plus
971 3615 1124 3686 detaillde,
1135 3617 1227 3691 qu'on
1241 3613 1296 3669 lire
1308 3633 1350 3670 un
1361 3631 1420 3688 peu

389 3717 457 3790 plus
470 3717 550 3786 loin,
562 3717 654 3794 etqui
666 3729 709 3774 est
720 3716 808 3774 d'une
817 3717 923 3774 beent&
935 3719 1100 3793 troppante.

432 3833 446 3860 ⁸
467 3829 622 3904 Eleganter
622 3834 715 3903 podia
727 3831 980 3906 empn'mitpuelloe
991 3850 1092 3890 amore
1100 3833 1227 3892 ardentis
1235 3833 1419 3910 cogcwones

385 3932 489 3987 varias
502 3943 589 4007 atquc
600 3931 732 4005 (ffcctus.
