3252 5332
478 541 551 621 348
594 563 682 620 cus
710 521 1152 620 asrsnoa'mosus
1181 563 1411 648 u’ovrntr,

477 712 646 810 Occupat
664 723 742 820 zet,
757 709 940 809 quoniam
957 709 1133 806 precibus
1149 721 1290 786 tentata
1305 741 1507 816 repugnas,

474 839 565 914 vim
581 842 704 940 parat,
723 841 920 916 innectens
934 841 1118 916 ambobus
1131 841 1227 917 oolla
1239 843 1399 921 lacertis.

475 969 588 1058 Quod
605 972 684 1046 nisi
695 971 884 1070 venisses,
899 971 1053 1056 variatis
1069 998 1167 1072 saepe
1180 973 1328 1074 figuris,

473 1101 533 1176 Ad
552 1105 676 1180 solitas
690 1115 807 1202 artes,
821 1129 913 1178 auso
929 1101 1028 1176 foret
1043 1101 1108 1174 ille
1122 1101 1278 1200 potitus.

474 1233 547 1310 Sed
561 1233 675 1310 modd
691 1245 736 1308 tu
751 1230 939 1328 volucris,
955 1229 1139 1306 volucrcn
1152 1229 1280 1304 tamen
1292 1231 1356 1316 ille
1368 1228 1534 1334 tenebat3

473 1361 587 1440 Nunc
597 1361 720 1461 gravis
733 1363 846 1436 orbor
859 1387 958 1459 eras,
974 1359 1141 1436 haerebat
1152 1363 1195 1435 in
1207 1363 1340 1438 arbore
1351 1363 1498 1441 Peleus.

473 1489 601 1566 Tertia
616 1491 738 1566 forins
751 1489 826 1566 suit
842 1491 1042 1566 maculosae
1057 1491 1204 1590 tigridis
1219 1514 1229 1561 ε
1246 1493 1314 1568 illd

473 1627 647 1704 Territus
662 1626 831 1702 AEacides
846 1653 869 1700 a
885 1651 1042 1726 corpore
1057 1623 1211 1700 brachia
1225 1625 1354 1701 solvit.

473 1761 568 1836 lude
582 1762 680 1836 Deos
694 1759 832 1860 pelagi,
847 1757 944 1834 vino
956 1783 1072 1857 super
1084 1783 1238 1856 equora
1249 1756 1354 1856 tirso,
1438 1791 1443 1810 ·

474 1892 522 1968 Et
538 1893 683 1990 pecoris
699 1891 827 1989 libris,
843 1901 881 1964 et
894 1889 1004 1964 fumo
1019 1887 1118 1962 turis
1134 1885 1278 1963 adorat.

524 2009 655 2098 Donec
671 2023 895 2124 Carpathius
912 2017 1039 2098 medio
1051 2019 1100 2094 de
1115 2019 1260 2120 gurgite
1271 2031 1377 2094 vates
1389 2025 1424 2115 ¹,

476 2153 649 2252 AEacida‚
665 2154 786 2252 dixit,
802 2153 976 2230 thalamis
992 2153 1137 2252 potiere
1152 2153 1292 2254 petitis.

473 2283 537 2359 Tu
550 2285 681 2382 modo,
698 2287 787 2362 oiim
802 2285 923 2386 gelido
939 2286 1061 2384 sopito
1073 2285 1242 2384 quiescet
1254 2283 1298 2359 in
1310 2296 1442 2383 antro,

474 2413 645 2510 lgnarm
659 2414 802 2514 laqueis
815 2413 1019 2512 vincloque
1032 2413 1183 2488 innecte
1194 2411 1327 2488 tenaci.

474 2541 551 2618 Nec
566 2555 603 2616 te
619 2543 780 2642 decipiat
796 2556 950 2618 centum
967 2545 1126 2620 mentita
1142 2541 1299 2642 figuras3

475 2679 547 2754 Sed
556 2705 685 2777 preme
693 2678 877 2778 quicquid
887 2679 972 2777 erit,
981 2678 1090 2775 dum,
1101 2675 1205 2776 quod
1212 2675 1393 2772 irritante,
1403 2677 1591 2756 reformet.

475 2813 634 2889 Dixerat
646 2811 727 2888 haec
739 2813 897 2888 Proteus
910 2843 919 2889 ι
933 2823 971 2888 et
983 2811 1156 2889 condidit
1167 2837 1320 2910 aequore
1333 2811 1512 2912 vultum,
1572 2808 1579 2834 '

475 2940 717 3040 Admisitque
732 2969 820 3018 suos
832 2943 875 3018 in
891 2945 1010 3018 verbo
1022 2943 1227 3018 novissima
1239 2942 1392 3017 fluctus.

477 3073 626 3150 Pronus
641 3087 719 3150 erat
731 3073 864 3172 Titan,
880 3077 1137 3174 inclinatoque
1150 3076 1299 3150 tenebat

476 3197 703 3296 Hesperium
715 3211 867 3275 temone
879 3201 1021 3280 fretum
1036 3203 1143 3276 :cum
1157 3200 1338 3300 pulchra,
1352 3199 1509 3301 relicto,

476 3324 607 3400 Nereis
622 3326 834 3424 ingreditur
849 3341 1028 3404 consueta
1043 3329 1183 3405 cubilia
1191 3389 1204 3430 ‚
1217 3342 1346 3428 ponto.

523 3491 533 3524 ⁸
558 3489 662 3547 Prottc
677 3491 746 3550 etait
764 3512 806 3549 un
823 3493 915 3552 desin
931 3494 1068 3566 lameux,
1087 3494 1140 3571 qui
1156 3494 1279 3551 habiuit
1295 3514 1339 3551 un
1353 3505 1442 3553 autre
1461 3513 1523 3554 nux

478 3583 571 3644 bords
584 3587 622 3643 de
635 3587 663 3644 la
679 3607 742 3645 mer
757 3589 982 3668 Carpathieune.
1002 3593 1079 3650 C'est
1091 3592 1129 3648 de
1146 3611 1179 3650 es
1195 3591 1377 3662 demi-dieu,
1396 3605 1528 3672 pasteru-

477 3683 530 3744 des
545 3698 711 3764 troupeaux
723 3687 760 3748 dc
775 3691 931 3767 Neptune,
946 3713 1004 3769 que
1017 3691 1128 3770 Virgilc
1142 3711 1160 3750 ι
1173 3691 1236 3748 dit:

864 3812 937 3862 Novit
945 3827 1051 3877 nmque
1058 3811 1141 3860 omnnia
1150 3822 1220 3860 vates
1227 3807 1240 3868 ,'

609 3891 671 3952 Quoe
680 3888 742 3947 sine,
755 3889 914 3956 quassentur
918 3927 928 3951 ,
941 3908 999 3956 qua
1010 3907 1069 3940 mox
1080 3903 1188 3940 oenum
1198 3889 1337 3940 valuw-

607 3991 684 4040 unu
696 4001 749 4042 tout
760 4007 788 4043 cc
798 3997 840 4061 qul
850 3994 904 4056 lut,
915 4007 940 4046 ct
951 4007 1004 4050 tout
1016 4011 1044 4045 cc
1056 3997 1098 4060 qul
1109 3995 1160 4044 dois
1172 3995 1231 4042 dus.
