3230 5348
407 535 476 590 ου
521 525 605 584 cns
635 494 1072 581 uirauonraosns
1101 523 1332 607 n’ovmn,

403 677 635 754 Umbrarum
646 673 848 750 dominum
865 701 873 748 :
888 673 1081 772 pulsisque
1092 675 1139 748 ad
1153 683 1320 754 carmina
1333 681 1481 780 nervis,

402 808 464 882 Sic
478 807 542 882 ait.
560 807 615 882 O!
632 801 745 901 positi
762 803 833 874 sub
849 799 949 874 terra
965 801 1126 876 numina
1138 807 1295 904 mundi,

299 1021 301 1026 ,
400 936 447 1016 In
463 963 577 1038 quem
594 937 797 1011 recidimus
813 933 995 1032 quicquid
1012 936 1169 1010 mortale
1184 964 1377 1036 creamur3

399 1070 441 1144 Si
456 1071 559 1166 licet,
575 1081 631 1166 et,
647 1066 729 1142 salsi
745 1067 874 1164 positis
888 1068 1102 1165 ambagibus
1119 1071 1214 1166 oris,

290 1289 294 1298 ι
398 1197 496 1272 Vera
507 1193 620 1293 loqui'
631 1195 772 1289 sinitis3
789 1220 870 1268 non
885 1193 980 1292 huc,
995 1207 1041 1268 ut
1056 1221 1169 1294 opaca
1184 1197 1355 1273 viderem

397 1325 571 1422 Tartara,
590 1323 786 1420 descendi3
805 1351 874 1398 nec
890 1325 949 1398 uti
965 1325 1098 1400 villosa
1113 1329 1278 1402 colubris

396 1455 521 1530 Terna
535 1452 714 1528 Medusaei
728 1451 913 1526 vincirem
930 1466 1082 1550 guttura
1097 1457 1270 1532 monstri.

397 1585 515 1658 Causa
526 1583 599 1658 viae
612 1583 755 1675 conjux
768 1581 810 1652 in
827 1607 942 1676 quam
959 1583 1094 1656 calcata
1106 1610 1300 1658 venenum

396 1713 535 1812 Vipera
547 1711 718 1804 diffudit,
734 1724 1012 1808 crescentesque
1026 1715 1180 1788 abstulit
1195 1741 1325 1790 annos.

394 1845 505 1921 Posse
518 1847 595 1943 pati
612 1843 718 1918 volui
735 1867 828 1916 aneo
840 1869 901 1916 me
918 1855 1077 1917 tentasse
1091 1847 1243 1941 negabo,
1328 1943 1330 1948 Ι

393 1979 496 2076 Vicit
508 1979 636 2051 Amor.
656 1973 798 2070 Superi
812 1972 914 2046 Deus
926 1971 990 2045 hic
1003 1975 1097 2046 bene
1110 1986 1223 2046 notus
1237 1973 1278 2048 in
1290 1973 1355 2046 ori
1367 1985 1422 2047 est
1439 2001 1448 2048 :

391 2107 455 2186 An
469 2105 518 2180 sit
530 2117 567 2178 et
579 2103 661 2198 hic,
676 2098 822 2175 dubito.
840 2099 910 2172 Sed
925 2111 962 2172 et
974 2098 1038 2174 hic
1051 2113 1177 2175 tamen
1190 2127 1353 2198 auguror
1364 2127 1444 2176 esse
1460 2129 1469 2175 ε

391 2234 577 2330 Famaque
594 2231 625 2304 si
638 2242 805 2303 veterem
821 2254 901 2300 non
918 2239 973 2300 est
988 2230 1145 2302 mentita
1161 2229 1350 2327 rapinam,

390 2357 1509 2458 VosquoqucjunxitAmor.Peregohaeclocaplenatimoris,

390 2490 463 2566 Per
476 2490 595 2563 Chaos
608 2489 679 2562 hoc
693 2489 845 2584 ingens,
861 2489 1033 2586 vastique
1047 2489 1195 2571 silentia
1208 2492 1330 2590 regni,

390 2624 616 2723 Eurydices,
631 2648 715 2716 oro,
731 2631 927 2716 properata
943 2621 1100 2692 retexite
1116 2619 1190 2694 fila.

388 2754 530 2832 Omnia
544 2753 728 2826 debemur
744 2749 852 2822 vobis
871 2748 1127 2848 :paulumque
1143 2752 1279 2826 morati
1296 2760 1327 2849 ¹,

388 2886 517 2960 Serius
532 2895 599 2957 aut
615 2883 727 2955 citius
744 2879 868 2954 sedem
886 2907 1130 2978 properamus
1143 2881 1190 2955 ad
1207 2909 1337 2957 unam.

385 3015 595 3090 Tendimus
608 3010 686 3083 huc
698 3035 828 3082 omncs
842 3037 849 3082 :
861 3008 943 3082 haec
956 3022 1010 3082 est
1022 3009 1158 3084 domus
1172 3011 1308 3085 ultima
1321 3013 1488 3110 :rosque

385 3139 557 3217 Humani
569 3136 713 3236 generis
729 3135 944 3233 longissima
957 3163 1070 3236 regna
1083 3139 1230 3212 tenetis.

385 3275 475 3349 Haec
491 3298 660 3370 quoque,
676 3245 894 3364 cirmiustos
908 3284 1055 3348 matura
1070 3271 1252 3370 peregerit
1265 3297 1402 3371 annos,

385 3403 408 3477 J
409 3403 489 3477 uris
505 3402 578 3474 crit
593 3400 710 3474 vestri
728 3429 735 3475 :
752 3425 821 3498 pro
837 3427 996 3476 munere
1011 3403 1200 3500 poscimus
1217 3418 1342 3477 usum}

428 3649 439 3682 ¹
464 3645 612 3704 observes
627 3661 685 3719 que
697 3661 745 3701 ees
757 3646 878 3720 penates
893 3664 946 3703 sm
959 3645 987 3702 lc
999 3647 1136 3704 nteessitt
1149 3647 1186 3704 de
1201 3646 1333 3715 mauric,
1349 3657 1420 3702 sont

384 3746 422 3805 ici
436 3746 460 3803 si
476 3741 543 3802 bien
560 3747 750 3822 approprites
766 3765 825 3804 aux
839 3747 1050 3806 circonstances
1069 3749 1112 3806 du
1132 3751 1190 3806 lieu
1204 3748 1283 3806 etde
1303 3749 1329 3803 la
1347 3767 1419 3820 per-

385 3866 496 3915 sonne,
515 3847 635 3922 qu'etles
651 3866 687 3904 ne
708 3859 776 3905 sont
792 3867 846 3922 pas
864 3867 908 3908 un
925 3849 1028 3927 simple
1044 3851 1105 3910 lieu
1119 3871 1270 3912 commun.
1288 3849 1419 3908 auteur·

384 3953 452 4013 elles
466 3953 591 4012 seraient
604 3951 824 4032 iusignifiantes.
