3230 5348
443 521 511 594 182
561 533 646 591 uns
674 505 1109 600 uiriuoaraosns
1139 526 1365 604 norror,

442 681 604 778 Quoque
621 678 807 753 Chimera
818 678 905 772 jugo
917 673 1108 772 mediisin
1123 675 1294 771 partibus
1311 676 1459 786 ignem,

440 810 575 884 Pectus
589 822 625 882 et
638 835 703 882 ora
718 810 804 903 lere,
823 803 980 880 caudam
996 803 1179 901 serpentis
1193 785 1381 884 habebat(

440 923 631 1014 Deficiunt
645 939 749 1012 silvae
767 966 774 1010 :
792 939 881 1010 cinn
894 947 938 1009 tu
950 935 1081 1008 lassata
1097 934 1291 1032 sequendo
1366 1009 1372 1016 ,

439 1066 608 1142 Procidis
617 1099 627 1164 3
645 1079 700 1163 et,
716 1065 812 1140 duri
829 1063 960 1161 positis
974 1064 1108 1138 tellure
1122 1065 1285 1163 capillis,

439 1197 572 1293 Bybli,
588 1209 703 1287 taces3
723 1193 950 1292 frondesque
967 1205 1034 1268 tuo
1048 1193 1189 1290 premis
1201 1220 1266 1268 ore
1279 1193 1451 1270 cadum.

441 1329 545 1422 Saepe
562 1327 671 1398 etiam
690 1323 876 1421 Nymphae
890 1322 1029 1396 teneris
1042 1321 1252 1420 Lelegeides
1266 1321 1370 1395 ulnis

440 1456 588 1528 Tollere
601 1467 787 1528 conantur
804 1483 812 1528 ι
828 1479 943 1550 saepe,
963 1466 1007 1526 ut
1022 1453 1243 1528 moderetur
1254 1453 1395 1550 amori,

441 1585 694 1683 Praecipiunt3
713 1583 914 1680 surdasque
927 1583 1111 1657 adhibent
1127 1586 1254 1660 solatia
1269 1584 1402 1660 menti.

440 1716 547 1789 Muta
561 1719 679 1811 jacet:
696 1714 911 1810 viridesque
926 1713 1004 1787 suis
1018 1714 1107 1788 terit
1120 1716 1312 1814 unguibus
1325 1716 1462 1791 herbas

439 1845 586 1940 Byblis,
605 1857 643 1918 et
658 1843 851 1920 humectat
865 1844 1119 1941 lacrymarum
1137 1847 1306 1943 gramina
1322 1846 1421 1920 rivo.

440 1977 576 2051 Naidas
592 1977 653 2052 his
670 2005 827 2074 venam,
847 2004 932 2075 quae
949 2003 1163 2074 numquam
1179 2004 1344 2054 arescere
1358 1991 1502 2076 posset,

442 2105 823 2204 Supposuisseferunt
834 2135 842 2180 :
852 2107 945 2204 quid
954 2106 1057 2180 enim
1064 2106 1504 2204 daremajushabebant?

440 2237 638 2332 Protinus,
657 2250 701 2311 ut
717 2250 815 2311 secto
831 2239 945 2334 piceae
962 2237 1010 2310 de
1024 2238 1162 2311 cortice
1175 2249 1289 2334 gutte
1301 2245 1325 2336 ¹,

441 2368 540 2442 Utve
557 2381 672 2448 tenax
687 2369 839 2466 gravidi
855 2381 984 2442 manat
1000 2369 1136 2444 tellure
1151 2369 1344 2466 bitumen3

441 2501 560 2601 Utve,
580 2505 650 2577 sub
667 2503 873 2578 adventum
889 2503 1067 2601 spirantis
1079 2504 1164 2578 lene
1180 2503 1342 2598 Favoni,

440 2631 523 2702 sole
536 2631 776 2728 remollescit,
796 2658 881 2729 quae
897 2631 1034 2730 frigore
1047 2631 1236 2728 constitit,
1254 2629 1382 2704 unda:

439 2758 499 2830 Sic
515 2759 688 2858 lacrymis
701 2773 898 2836 consumta
914 2763 993 2835 suis
1009 2763 1190 2837 Phoebe'ia
1204 2760 1335 2858 Byblis

439 2892 611 2966 Vertitur
623 2892 665 2965 in
678 2891 839 2991 fontem,
855 2895 923 2993 qui
938 2921 1044 2968 nuno
1057 2920 1212 2992 quoque
1226 2891 1389 2966 vallibus
1402 2891 1481 2965 iltis

439 3019 586 3093 Nomen
599 3019 713 3093 habet
725 3021 911 3120 dominae,
927 3021 1109 3119 nigraque
1122 3022 1194 3095 sub
1211 3020 1297 3094 ilice
1309 3029 1450 3092 manat.
1469 3121 1474 3128 ι

439 3211 554 3287 XIV.
582 3216 689 3312 Iphis
707 3215 758 3288 ab
774 3215 878 3286 Iside
893 3217 914 3288 ὁ
924 3211 1092 3314 foemind
1109 3219 1150 3288 in
1164 3218 1285 3336 virum
1302 3224 1482 3288 mumtur.

411 3428 415 3436 “
484 3407 513 3478 F
515 3429 615 3480 nun
632 3407 724 3482 novi
741 3418 894 3482 cantum
911 3408 1068 3484 Cretaeus
1085 3408 1243 3484 forsitan
1260 3409 1373 3484 urbes

436 3535 629 3632 Implesset
645 3537 824 3633 monstri3
843 3541 876 3611 si
892 3565 972 3612 non
989 3537 1172 3613 miracula
1188 3563 1335 3636 nuper,

435 3665 569 3761 Iphide
585 3665 747 3762 mutati,
766 3666 873 3740 Crete
886 3668 1063 3766 propiora
1074 3667 1233 3742 tulisset.

481 3851 490 3882 ¹
515 3851 556 3908 Le
572 3851 659 3926 poete
675 3851 749 3910 renti
765 3855 888 3914 sensible
905 3873 960 3932 par
977 3877 1036 3918 une
1054 3855 1141 3934 triple
1158 3851 1316 3918 similitude
1332 3853 1361 3909 12
1377 3851 1477 3910 mtu-

436 3947 595 4024 morphea
606 3947 642 4007 de
654 3949 743 4009 Biblis
755 3970 793 4010 eu
805 3952 948 4012 fontaine.
