3226 5336
463 427 532 501 288
577 435 660 494 aas
688 400 1125 488 narnuonruosss
1154 423 1387 506 norma,

458 590 693 687 Hippomene
711 597 906 676 :propera
925 572 1037 647 Nunc
1050 571 1198 644 viribus
1212 585 1317 646 utere
1330 578 1429 647 totis.

457 717 557 792 Pelle
574 735 717 786 moram
734 735 743 779 ι
759 703 901 778 vinces.
918 699 1088 774 Dubium
1103 698 1309 796 Megareius
1325 701 1436 775 heros

456 845 645 939 Gaudeat,
663 865 713 914 an
726 837 833 933 virgo
848 832 964 932 magis
979 831 1041 906 bis
1058 831 1255 908 Schoeneia
1267 833 1389 910 dietis.

455 979 512 1053 0!
530 971 696 1073 quoties,
711 967 800 1040 ciam
812 967 888 1059 jam
901 975 1023 1060 posset
1036 964 1216 1060 transire,
1233 979 1375 1040 morata
1391 971 1462 1040 est!

453 1107 716 1205 spectatosque
731 1095 800 1168 diu
816 1095 947 1168 vultus
962 1092 1085 1168 invita
1099 1095 1273 1192 reliquit!

503 1229 643 1306 Aridus
658 1253 678 1300 e
691 1226 785 1298 lasso
797 1223 974 1296 veniebat
989 1223 1179 1300 anhelitus
1196 1253 1280 1301 ore:

452 1364 626 1461 Metaque
639 1371 717 1434 erat
728 1358 849 1454 longe.
863 1353 965 1431 Tum
977 1355 1142 1455 denique
1158 1359 1205 1434 de
1221 1361 1343 1435 tribus
1357 1386 1478 1435 unum

452 1493 620 1570 Foetibus
632 1487 796 1564 arboreis
810 1486 934 1584 proles
950 1487 1141 1582 Neptunia
1156 1487 1272 1562 misit.

453 1618 661 1718 Obstupuit
672 1619 798 1712 virge,
817 1611 1009 1709 nitidique
1022 1613 1203 1710 cupidine
1217 1615 1322 1713 pomi

451 1751 623 1826 Declinat
635 1771 786 1843 cursus,
803 1769 1018 1842 aurumque
1034 1751 1043 1781 ¹
1063 1745 1230 1820 volubile
1245 1747 1355 1820 tollit.

449 1883 621 1958 Praeterit
635 1879 889 1976 Hippomenes
907 1903 914 1949 :
930 1888 1107 1974 resonant
1118 1879 1326 1982 spectacula
1341 1878 1487 1976 plausu.

448 2011 517 2088 Illa
531 2036 677 2086 moram
692 2005 821 2104 celeri,
839 2017 1051 2102 casumque
1063 2017 1249 2106 tempora,
1268 2035 1384 2082 cursu

449 2144 610 2242 Corrigit
625 2173 633 2218 :
649 2154 761 2240 atque
772 2141 912 2216 iterum
927 2141 1108 2234 juvenem
1121 2151 1206 2240 post
1221 2154 1320 2240 terga
1333 2142 1529 2239 relinquit.

449 2273 497 2346 Et
509 2295 641 2346 rursus
653 2268 759 2366 pomi
770 2269 870 2362 jactu
882 2277 1068 2340 remorata
1079 2267 1254 2365 secundi,

447 2397 721 2496 Consequitur,
738 2393 948 2491 transitque
960 2394 1102 2469 virum.
1119 2396 1207 2470 Pars
1220 2397 1355 2470 ultima
1367 2397 1503 2472 curaris

448 2534 622 2609 Restabat
638 2563 645 2607 :
660 2532 791 2626 Nune,
810 2529 955 2625 inquit,
974 2528 1077 2624 ades,
1095 2531 1174 2602 Dea
1187 2531 1357 2604 muneris
1370 2544 1524 2608 auctor:

446 2667 568 2763 Inque
583 2665 681 2737 latus
697 2659 837 2758 campi,
857 2685 934 2756 quo
948 2659 1091 2732 tardius
1105 2660 1168 2732 illa
1181 2660 1337 2757 rediret,

446 2797 468 2869 J
470 2796 541 2867 ecit
552 2795 598 2867 ab
612 2791 766 2887 obliquo
780 2788 947 2861 nitidum
960 2789 1180 2884 juveniliter
1194 2801 1206 2829 ¹
1219 2815 1372 2864 aurum.

445 2923 506 2997 An
519 2931 678 3021 peteret,
697 2919 803 3014 virgo
816 2916 897 2990 visa
909 2930 964 2991 est
977 2917 1151 2990 dubitare
1168 2946 1175 2989 :
1190 2917 1290 3014 coegi

443 3051 611 3144 Tollere,
627 3059 664 3121 et
675 3045 792 3141 adjeci
806 3046 951 3120 sublato
965 3049 1132 3144 pondera
1144 3049 1261 3124 malo:

443 3177 678 3276 Impediique
691 3175 816 3248 oneris
829 3177 969 3273 pariter
985 3177 1162 3272 gravitate
1176 3179 1368 3274 morique.

488 3345 497 3372 ¹
522 3342 563 3398 Le
579 3358 668 3416 genre
686 3349 729 3395 est
744 3339 799 3395 mis
815 3337 853 3394 ici
867 3357 947 3414 pour
963 3339 1105 3413 l’espice:
1125 3343 1236 3397 Aurum
1252 3341 1381 3398 volubile
1395 3361 1483 3416 pour

442 3459 698 3514 aureumpomum.
706 3437 870 3497 sensaveir
877 3457 917 3494 un
925 3439 997 3513 gout
1007 3438 1285 3512 tres-perfectionne,
1294 3453 1334 3494 on
1341 3439 1405 3496 doit
1414 3461 1482 3498 sen-

443 3535 482 3591 tir
489 3537 623 3612 qu’entre
630 3533 760 3591 cesdeux
769 3533 911 3590 munieras
918 3531 1480 3611 dedire‚ilyaunegrandedisttrence.

484 3638 497 3666 ⁸
520 3633 572 3690 Cet
592 3631 720 3690 adverbe
736 3631 759 3688 si
775 3631 889 3706 elegant
903 3641 933 3688 et
951 3630 975 3686 si
992 3629 1133 3705 expressis
1140 3672 1148 3700 ‚
1164 3633 1209 3688 n'a
1223 3631 1307 3706 point
1320 3631 1485 3708 d’eqoiva·

441 3733 504 3794 lent
515 3731 590 3792 dans
600 3743 685 3791 notre
695 3734 813 3808 langue.
825 3733 849 3788 ΙΙ
861 3731 972 3808 signifie
981 3751 1039 3808 que
1050 3733 1078 3789 la
1088 3751 1205 3808 pomme
1215 3731 1261 3789 fut
1270 3730 1346 3806 jette
1358 3751 1399 3789 au
1411 3733 1479 3790 loin

443 3843 470 3887 et
484 3851 554 3891 avec
567 3832 656 3888 force.
