3196 5346
434 572 506 652 184
549 588 634 646 cns
663 557 1102 642 norinorruoscs
1131 579 1361 664 moruus,

481 737 659 812 Proxima
672 729 873 806 Gnossiaco
885 753 972 802 nam
991 729 1184 825 quondam
1199 731 1362 812 Phaestia
1375 761 1490 836 regno

434 865 638 962 Progenuit
651 861 782 954 tellus,
801 857 928 955 ignoto
942 857 1098 930 nomine
1110 857 1292 962 Ligdum,

435 994 602 1091 lngenud
615 994 662 1066 de
676 993 783 1090 plebe
800 997 808 1026 ¹
828 990 971 1064 virum.
991 989 1068 1062 Nec
1080 1015 1214 1065 census
1227 993 1272 1066 in
1287 995 1354 1070 illo

435 1123 635 1200 Nobilitate
651 1120 719 1194 sud
735 1121 854 1214 major
875 1145 883 1190 :
902 1115 965 1190 sed
981 1115 1060 1190 vita
1072 1116 1241 1216 fidesque
1580 1151 1582 1284 ,

435 1257 631 1352 Inculpata
645 1252 720 1327 fuit
737 1281 745 1325 :
761 1249 923 1346 gravidae
936 1249 1005 1346 qui
1019 1253 1187 1348 conjugis
1201 1277 1310 1328 aures

435 1382 600 1459 Vocibus
613 1379 674 1453 his
688 1375 830 1473 movit,
849 1376 1025 1468 numiam
1042 1401 1159 1472 prope
1172 1390 1302 1475 partus
1314 1377 1469 1457 adesset.

487 1503 1523 1611 Quaevoveam,duosunt:minimoutreleverelaborc‚
1583 1486 1584 1548 i

438 1641 565 1739 thue
579 1664 720 1716 marem
733 1637 867 1735 parias.
887 1636 1094 1711 Onerosior
1105 1636 1220 1710 altera
1235 1636 1312 1712 fors
1330 1653 1405 1716 est:

439 1773 487 1847 Et
502 1772 600 1845 vires
616 1769 770 1843 fortuna
783 1776 903 1864 negat.
923 1761 1034 1853 Quod
1048 1766 1266 1864 abominor,
1284 1792 1370 1865 ergo

440 1899 551 1974 Edita
566 1896 662 1970 forte
678 1908 746 1968 tno
762 1893 879 1967 suerit
891 1893 923 1966 si
939 1891 1097 1967 foemino
1109 1906 1247 1992 partu,

442 2032 616 2131 (Invitus
628 2029 767 2104 mando
783 2058 792 2102 :
807 2029 946 2124 Pietas,
965 2028 1158 2128 ignosoe,)
1172 2041 1340 2104 nocetum

488 2163 647 2238 Dixerat
663 2189 671 2234 :
690 2173 727 2235 et
740 2161 916 2259 lacrymis
931 2161 1086 2236 vultum
1098 2161 1224 2234 lavere
1236 2159 1420 2261 profusis,

441 2291 536 2367 Tam
550 2292 619 2390 qui
634 2292 852 2385 mandabat,
871 2290 987 2388 quim
1001 2291 1064 2364 cui
1078 2290 1253 2366 mandata
1265 2290 1466 2373 dabantur.

443 2421 514 2496 Sed
531 2433 656 2494 tamen
675 2444 795 2516 usquo
811 2445 924 2494 suum
938 2420 1046 2494 vanis
1063 2419 1265 2494 Telethusa
1276 2422 1458 2498 maritum

374 2593 378 2604 ·
444 2550 609 2624 Soliritnt
627 2549 819 2647 precibus,
839 2575 888 2621 ne
899 2569 1007 2646 'spem
1025 2549 1098 2622 sibi
1114 2561 1230 2646 ponat
1246 2549 1289 2622 in
1306 2562 1420 2628 arcto.

446 2682 554 2753 Certa
568 2707 636 2754 sua
648 2692 703 2753 est
717 2681 832 2777 Ligdo
848 2681 1033 2755 sententia
1051 2710 1059 2756 ι
1074 2683 1227 2778 jamque
1243 2680 1399 2757 serendo

445 2813 523 2886 Vix
537 2825 615 2886 erat
628 2812 691 2884 illa
702 2835 851 2908 gravem
867 2823 1017 2886 maturo
1033 2811 1201 2908 pondere
1212 2825 1385 2886 ventrem
1391 2843 1405 2912 3

446 2941 542 3013 Ciun
556 2919 639 3012 med
645 2939 681 3013 io
694 2939 815 3014 noctis
828 2942 969 3037 spatio,
986 2943 1057 3015 sub
1074 2939 1235 3038 imagine
1251 2940 1396 3039 somni,

446 3069 601 3144 Inachis
613 3081 699 3142 anto
712 3081 862 3167 torum,
881 3069 1020 3168 pompd
1033 3069 1207 3144 comitata
1220 3093 1396 3166 suorum,

314 3251 316 3258 ‚
446 3197 526 3272 Aut
538 3200 658 3296 stetit,
676 3211 742 3272 out
754 3199 834 3274 visa
850 3211 916 3275 est.
936 3201 1088 3276 Inerant
1101 3199 1251 3273 lunaria
1263 3196 1382 3272 fronti

448 3328 619 3423 Cornua,
633 3353 721 3400 cum
737 3329 849 3426 spicis
864 3329 987 3405 nitido
1000 3329 1228 3404 flaventibus
1240 3354 1353 3426 auro,

447 3459 496 3530 Et
508 3456 626 3554 regale
641 3455 754 3532 decus
771 3487 779 3531 :
796 3484 884 3533 cum
901 3458 976 3557 qud
992 3459 1146 3532 latrator
1159 3457 1328 3554 Anubis,

449 3589 657 3685 Sanctaque
669 3587 862 3686 Bubastis,
876 3589 1081 3686 variusque
1095 3585 1284 3662 coloribus
1299 3583 1391 3683 Apis
1404 3593 1442 3661 ¹:

494 3817 504 3848 ¹
527 3813 582 3870 Les
591 3813 731 3871 Romaim
740 3813 920 3893 ddsignaient
928 3833 984 3892 par
994 3814 1143 3892 lapithae
1152 3814 1484 3892 angenous‚unbomue

449 3911 487 3968 ne
499 3907 572 3966 dans
585 3928 643 3966 une
657 3909 808 3968 condition
820 3911 903 3969 libre.

491 4027 505 4060 ¹
524 4025 585 4082 Bos
596 4023 743 4085 coronano
753 4027 784 4085 in
797 3997 1106 4088 raemoriam‘offidn
1111 4025 1253 4106 ,frugum
1265 4023 1429 4084 montom.
1453 4075 1455 4080 .
