<?xml version="1.0" encoding="UTF-8"?>
<!DOCTYPE html PUBLIC "-//W3C//DTD XHTML 1.0 Transitional//EN"
    "http://www.w3.org/TR/xhtml1/DTD/xhtml1-transitional.dtd">
<html xmlns="http://www.w3.org/1999/xhtml" xml:lang="en" lang="en">
 <head>
  <title>
</title>
<meta http-equiv="Content-Type" content="text/html;charset=utf-8" />
  <meta name='ocr-system' content='tesseract 3.04.00' />
  <meta name='ocr-capabilities' content='ocr_page ocr_carea ocr_par ocr_line ocrx_word'/>
</head>
<body>
  <div class='ocr_page' id='page_1' title='image "./lesmtamorphoses01saingoog_0090.png"; bbox 0 0 3262 5342; ppageno 0'>
   <div class='ocr_carea' id='block_1_1' title="bbox 412 493 1331 615">
    <p class='ocr_par' dir='ltr' id='par_1_1' title="bbox 412 493 1331 615">
     <span class='ocr_line' id='line_1_1' title="bbox 412 493 1331 615; baseline -0.009 -11"><span class='ocrx_word' id='word_1_1' title='bbox 412 529 459 604; x_wconf 85' lang='lat'><strong>68</strong></span> <span class='ocrx_word' id='word_1_2' title='bbox 530 545 613 605; x_wconf 78' lang='lat' dir='ltr'><strong>nus</strong></span> <span class='ocrx_word' id='word_1_3' title='bbox 642 519 1076 603; x_wconf 62' lang='lat' dir='ltr'><strong>urruuonruosss</strong></span> <span class='ocrx_word' id='word_1_4' title='bbox 1105 493 1331 615; x_wconf 58' lang='lat' dir='ltr'><strong>uiovros,</strong></span> 
     </span>
    </p>
   </div>
   <div class='ocr_carea' id='block_1_2' title="bbox 392 689 1456 2736">
    <p class='ocr_par' dir='ltr' id='par_1_2' title="bbox 399 689 1456 2084">
     <span class='ocr_line' id='line_1_2' title="bbox 410 689 1445 790; baseline -0.008 -23"><span class='ocrx_word' id='word_1_5' title='bbox 410 695 585 768; x_wconf 73' lang='lat' dir='ltr'>Vestibus</span> <span class='ocrx_word' id='word_1_6' title='bbox 599 694 705 769; x_wconf 90' lang='lat' dir='ltr'><strong>hunc</strong></span> <span class='ocrx_word' id='word_1_7' title='bbox 718 693 864 788; x_wconf 85' lang='lat' dir='ltr'><strong>velant,</strong></span> <span class='ocrx_word' id='word_1_8' title='bbox 880 718 973 790; x_wconf 85' lang='lat' dir='ltr'><strong>quas</strong></span> <span class='ocrx_word' id='word_1_9' title='bbox 987 715 1066 764; x_wconf 91' lang='lat' dir='ltr'><strong>non</strong></span> <span class='ocrx_word' id='word_1_10' title='bbox 1080 690 1155 764; x_wconf 92' lang='lat' dir='ltr'><strong>nisi</strong></span> <span class='ocrx_word' id='word_1_11' title='bbox 1169 699 1337 790; x_wconf 80' lang='lat' dir='ltr'><strong>tempore</strong></span> <span class='ocrx_word' id='word_1_12' title='bbox 1350 689 1445 764; x_wconf 78' lang='lat' dir='ltr'><strong>festo</strong></span> 
     </span>
     <span class='ocr_line' id='line_1_3' title="bbox 408 793 1456 920; baseline -0.003 -29"><span class='ocrx_word' id='word_1_13' title='bbox 408 793 585 896; x_wconf 81' lang='lat' dir='ltr'><strong>Sternere</strong></span> <span class='ocrx_word' id='word_1_14' title='bbox 601 832 827 896; x_wconf 85' lang='lat' dir='ltr'><strong>consuerant</strong></span> <span class='ocrx_word' id='word_1_15' title='bbox 844 849 851 894; x_wconf 94' lang='lat'><strong>:</strong></span> <span class='ocrx_word' id='word_1_16' title='bbox 868 820 932 892; x_wconf 90' lang='lat' dir='ltr'><strong>sed</strong></span> <span class='ocrx_word' id='word_1_17' title='bbox 949 832 986 892; x_wconf 91' lang='lat' dir='ltr'><strong>et</strong></span> <span class='ocrx_word' id='word_1_18' title='bbox 998 819 1080 894; x_wconf 86' lang='lat' dir='ltr'><strong>haec</strong></span> <span class='ocrx_word' id='word_1_19' title='bbox 1093 819 1258 920; x_wconf 79' lang='lat' dir='ltr'><strong>vilisque</strong></span> <span class='ocrx_word' id='word_1_20' title='bbox 1271 833 1456 916; x_wconf 80' lang='lat' dir='ltr'><strong>vetusque</strong></span> 
     </span>
     <span class='ocr_line' id='line_1_4' title="bbox 408 935 1320 1048; baseline -0.001 -25"><span class='ocrx_word' id='word_1_21' title='bbox 408 949 530 1024; x_wconf 83' lang='lat' dir='ltr'><strong>Vestis</strong></span> <span class='ocrx_word' id='word_1_22' title='bbox 544 963 639 1047; x_wconf 86' lang='lat' dir='ltr'><strong>erat,</strong></span> <span class='ocrx_word' id='word_1_23' title='bbox 653 950 749 1022; x_wconf 84' lang='lat' dir='ltr'><strong>lecto</strong></span> <span class='ocrx_word' id='word_1_24' title='bbox 762 975 842 1022; x_wconf 94' lang='lat' dir='ltr'><strong>non</strong></span> <span class='ocrx_word' id='word_1_25' title='bbox 855 947 1084 1046; x_wconf 80' lang='lat' dir='ltr'><strong>indignanda</strong></span> <span class='ocrx_word' id='word_1_26' title='bbox 1100 948 1253 1048; x_wconf 78' lang='lat' dir='ltr'><strong>saligno.</strong></span> <span class='ocrx_word' id='word_1_27' title='bbox 1316 935 1320 944; x_wconf 47' lang='lat'><strong>¹</strong></span> 
     </span>
     <span class='ocr_line' id='line_1_5' title="bbox 406 1077 1369 1177; baseline 0 -25"><span class='ocrx_word' id='word_1_28' title='bbox 406 1078 626 1153; x_wconf 64' lang='lat' dir='ltr'><strong>Accubuirc</strong></span> <span class='ocrx_word' id='word_1_29' title='bbox 641 1079 725 1154; x_wconf 93' lang='lat' dir='ltr'><strong>Dei.</strong></span> <span class='ocrx_word' id='word_1_30' title='bbox 740 1077 910 1152; x_wconf 83' lang='lat' dir='ltr'>Mensam</span> <span class='ocrx_word' id='word_1_31' title='bbox 927 1080 1116 1154; x_wconf 82' lang='lat' dir='ltr'><strong>succincta</strong></span> <span class='ocrx_word' id='word_1_32' title='bbox 1128 1092 1369 1177; x_wconf 88' lang='lat' dir='ltr'><strong>tremensque</strong></span> 
     </span>
     <span class='ocr_line' id='line_1_6' title="bbox 404 1206 1375 1309; baseline 0.003 -27"><span class='ocrx_word' id='word_1_33' title='bbox 404 1206 518 1283; x_wconf 83' lang='lat' dir='ltr'><strong>Ponrt</strong></span> <span class='ocrx_word' id='word_1_34' title='bbox 533 1235 628 1284; x_wconf 83' lang='lat' dir='ltr'><strong>anus</strong></span> <span class='ocrx_word' id='word_1_35' title='bbox 646 1236 655 1284; x_wconf 79' lang='lat' dir='ltr'><strong>t</strong></span> <span class='ocrx_word' id='word_1_36' title='bbox 670 1234 811 1283; x_wconf 78' lang='lat' dir='ltr'><strong>mensae</strong></span> <span class='ocrx_word' id='word_1_37' title='bbox 825 1207 890 1282; x_wconf 86' lang='lat' dir='ltr'><strong>sed</strong></span> <span class='ocrx_word' id='word_1_38' title='bbox 907 1221 986 1282; x_wconf 82' lang='lat' dir='ltr'><strong>erat</strong></span> <span class='ocrx_word' id='word_1_39' title='bbox 1000 1235 1066 1309; x_wconf 90' lang='lat' dir='ltr'><strong>pes</strong></span> <span class='ocrx_word' id='word_1_40' title='bbox 1082 1210 1215 1298; x_wconf 77' lang='lat' dir='ltr'><strong>tertius</strong></span> <span class='ocrx_word' id='word_1_41' title='bbox 1231 1213 1375 1308; x_wconf 84' lang='lat' dir='ltr'><strong>impar;</strong></span> 
     </span>
     <span class='ocr_line' id='line_1_7' title="bbox 404 1339 1423 1440; baseline -0.004 -24"><span class='ocrx_word' id='word_1_42' title='bbox 404 1341 513 1416; x_wconf 82' lang='lat' dir='ltr'><strong>Testa</strong></span> <span class='ocrx_word' id='word_1_43' title='bbox 525 1367 653 1440; x_wconf 81' lang='lat' dir='ltr'><strong>parem</strong></span> <span class='ocrx_word' id='word_1_44' title='bbox 666 1341 766 1415; x_wconf 84' lang='lat' dir='ltr'><strong>fecit.</strong></span> <span class='ocrx_word' id='word_1_45' title='bbox 783 1343 877 1430; x_wconf 81' lang='lat' dir='ltr'><strong>Quae</strong></span> <span class='ocrx_word' id='word_1_46' title='bbox 890 1352 975 1438; x_wconf 84' lang='lat' dir='ltr'><strong>post</strong></span> <span class='ocrx_word' id='word_1_47' title='bbox 986 1342 1103 1438; x_wconf 75' lang='lat' dir='ltr'><strong>quim</strong></span> <span class='ocrx_word' id='word_1_48' title='bbox 1116 1341 1266 1416; x_wconf 81' lang='lat' dir='ltr'><strong>subdita</strong></span> <span class='ocrx_word' id='word_1_49' title='bbox 1277 1339 1423 1413; x_wconf 85' lang='lat' dir='ltr'><strong>clivum</strong></span> 
     </span>
     <span class='ocr_line' id='line_1_8' title="bbox 402 1467 1284 1564; baseline 0.001 -24"><span class='ocrx_word' id='word_1_50' title='bbox 402 1467 584 1564; x_wconf 80' lang='lat' dir='ltr'><strong>Sustulit,</strong></span> <span class='ocrx_word' id='word_1_51' title='bbox 599 1478 783 1562; x_wconf 82' lang='lat' dir='ltr'><strong>aequatom</strong></span> <span class='ocrx_word' id='word_1_52' title='bbox 798 1477 936 1540; x_wconf 73' lang='lat' dir='ltr'><strong>mentre</strong></span> <span class='ocrx_word' id='word_1_53' title='bbox 952 1467 1091 1540; x_wconf 67' lang='lat' dir='ltr'><strong>terstre</strong></span> <span class='ocrx_word' id='word_1_54' title='bbox 1106 1467 1284 1542; x_wconf 79' lang='lat' dir='ltr'><strong>virentes.</strong></span> 
     </span>
     <span class='ocr_line' id='line_1_9' title="bbox 401 1593 1340 1690; baseline 0 -22"><span class='ocrx_word' id='word_1_55' title='bbox 401 1594 565 1668; x_wconf 75' lang='lat' dir='ltr'><strong>Ponitur</strong></span> <span class='ocrx_word' id='word_1_56' title='bbox 579 1594 644 1668; x_wconf 91' lang='lat' dir='ltr'><strong>hic</strong></span> <span class='ocrx_word' id='word_1_57' title='bbox 661 1593 802 1671; x_wconf 85' lang='lat' dir='ltr'>bicolor</span> <span class='ocrx_word' id='word_1_58' title='bbox 815 1594 970 1668; x_wconf 73' lang='lat' dir='ltr'><strong>sincerae</strong></span> <span class='ocrx_word' id='word_1_59' title='bbox 987 1595 1096 1668; x_wconf 81' lang='lat' dir='ltr'><strong>bucca</strong></span> <span class='ocrx_word' id='word_1_60' title='bbox 1107 1595 1292 1668; x_wconf 75' lang='lat' dir='ltr'><strong>Minervae</strong></span> <span class='ocrx_word' id='word_1_61' title='bbox 1308 1602 1340 1690; x_wconf 88' lang='lat'><strong>¹,</strong></span> 
     </span>
     <span class='ocr_line' id='line_1_10' title="bbox 401 1719 1355 1820; baseline 0.002 -26"><span class='ocrx_word' id='word_1_62' title='bbox 401 1721 637 1818; x_wconf 82' lang='lat' dir='ltr'><strong>Conditaque</strong></span> <span class='ocrx_word' id='word_1_63' title='bbox 649 1721 692 1794; x_wconf 93' lang='lat' dir='ltr'><strong>in</strong></span> <span class='ocrx_word' id='word_1_64' title='bbox 708 1719 855 1818; x_wconf 69' lang='lat' dir='ltr'><strong>liquido</strong></span> <span class='ocrx_word' id='word_1_65' title='bbox 870 1746 985 1794; x_wconf 84' lang='lat' dir='ltr'><strong>corna</strong></span> <span class='ocrx_word' id='word_1_66' title='bbox 999 1721 1235 1796; x_wconf 77' lang='lat' dir='ltr'><strong>autumnalia</strong></span> <span class='ocrx_word' id='word_1_67' title='bbox 1247 1721 1355 1820; x_wconf 70' lang='lat' dir='ltr'><strong>fece,</strong></span> 
     </span>
     <span class='ocr_line' id='line_1_11' title="bbox 400 1851 1286 1950; baseline -0.003 -23"><span class='ocrx_word' id='word_1_68' title='bbox 400 1855 630 1950; x_wconf 87' lang='lat' dir='ltr'><strong>lntubaque,</strong></span> <span class='ocrx_word' id='word_1_69' title='bbox 645 1864 683 1926; x_wconf 81' lang='lat' dir='ltr'><strong>et</strong></span> <span class='ocrx_word' id='word_1_70' title='bbox 695 1851 825 1948; x_wconf 82' lang='lat' dir='ltr'><strong>radix,</strong></span> <span class='ocrx_word' id='word_1_71' title='bbox 846 1859 883 1924; x_wconf 84' lang='lat' dir='ltr'><strong>et</strong></span> <span class='ocrx_word' id='word_1_72' title='bbox 899 1851 1003 1924; x_wconf 79' lang='lat' dir='ltr'><strong>lactis</strong></span> <span class='ocrx_word' id='word_1_73' title='bbox 1015 1877 1135 1926; x_wconf 84' lang='lat' dir='ltr'><strong>massa</strong></span> <span class='ocrx_word' id='word_1_74' title='bbox 1149 1852 1266 1926; x_wconf 87' lang='lat' dir='ltr'><strong>coacti</strong></span> <span class='ocrx_word' id='word_1_75' title='bbox 1272 1881 1286 1950; x_wconf 78' lang='lat'>3</span> 
     </span>
     <span class='ocr_line' id='line_1_12' title="bbox 399 1982 1243 2084; baseline -0.002 -22"><span class='ocrx_word' id='word_1_76' title='bbox 399 1990 576 2084; x_wconf 75' lang='lat' dir='ltr'><strong>Ovaque,</strong></span> <span class='ocrx_word' id='word_1_77' title='bbox 593 2010 672 2057; x_wconf 92' lang='lat' dir='ltr'><strong>non</strong></span> <span class='ocrx_word' id='word_1_78' title='bbox 689 1984 765 2057; x_wconf 86' lang='lat' dir='ltr'><strong>acri</strong></span> <span class='ocrx_word' id='word_1_79' title='bbox 781 1983 917 2056; x_wconf 85' lang='lat' dir='ltr'><strong>leviter</strong></span> <span class='ocrx_word' id='word_1_80' title='bbox 932 1996 1077 2080; x_wconf 66' lang='lat' dir='ltr'><strong>versatu</strong></span> <span class='ocrx_word' id='word_1_81' title='bbox 1091 1982 1218 2060; x_wconf 69' lang='lat' dir='ltr'><strong>favillis</strong></span> <span class='ocrx_word' id='word_1_82' title='bbox 1234 2013 1243 2060; x_wconf 71' lang='grc' dir='ltr'>ς</span> 
     </span>
    </p>

    <p class='ocr_par' dir='ltr' id='par_1_3' title="bbox 398 2113 1253 2192">
     <span class='ocr_line' id='line_1_13' title="bbox 398 2113 1253 2192; baseline 0.002 -2"><span class='ocrx_word' id='word_1_83' title='bbox 398 2115 539 2191; x_wconf 82' lang='lat' dir='ltr'><strong>Omnia</strong></span> <span class='ocrx_word' id='word_1_84' title='bbox 553 2113 744 2188; x_wconf 87' lang='lat' dir='ltr'><strong>fictilibus.</strong></span> <span class='ocrx_word' id='word_1_85' title='bbox 761 2114 849 2187; x_wconf 85' lang='lat' dir='ltr'><strong>Post</strong></span> <span class='ocrx_word' id='word_1_86' title='bbox 861 2113 943 2188; x_wconf 82' lang='lat' dir='ltr'><strong>haec</strong></span> <span class='ocrx_word' id='word_1_87' title='bbox 959 2115 1109 2190; x_wconf 80' lang='lat' dir='ltr'><strong>caeletus</strong></span> <span class='ocrx_word' id='word_1_88' title='bbox 1123 2117 1253 2192; x_wconf 70' lang='lat' dir='ltr'><strong>eidem</strong></span> 
     </span>
    </p>

    <p class='ocr_par' dir='ltr' id='par_1_4' title="bbox 397 2246 1212 2344">
     <span class='ocr_line' id='line_1_14' title="bbox 397 2246 1212 2344; baseline 0 -24"><span class='ocrx_word' id='word_1_89' title='bbox 397 2247 553 2320; x_wconf 87' lang='lat' dir='ltr'><strong>Sistitur</strong></span> <span class='ocrx_word' id='word_1_90' title='bbox 569 2247 697 2344; x_wconf 66' lang='lat' dir='ltr'><strong>argillis</strong></span> <span class='ocrx_word' id='word_1_91' title='bbox 712 2259 850 2344; x_wconf 83' lang='lat' dir='ltr'><strong>crater,</strong></span> <span class='ocrx_word' id='word_1_92' title='bbox 866 2246 1117 2344; x_wconf 78' lang='lat' dir='ltr'><strong>fabricataque</strong></span> <span class='ocrx_word' id='word_1_93' title='bbox 1133 2247 1212 2344; x_wconf 81' lang='lat' dir='ltr'><strong>sago</strong></span> 
     </span>
    </p>

    <p class='ocr_par' dir='ltr' id='par_1_5' title="bbox 392 2377 1377 2736">
     <span class='ocr_line' id='line_1_15' title="bbox 396 2377 1316 2476; baseline 0.002 -24"><span class='ocrx_word' id='word_1_94' title='bbox 396 2378 552 2476; x_wconf 85' lang='lat' dir='ltr'><strong>Pocula3</strong></span> <span class='ocrx_word' id='word_1_95' title='bbox 567 2379 644 2476; x_wconf 71' lang='lat' dir='ltr'><strong>qui</strong></span> <span class='ocrx_word' id='word_1_96' title='bbox 657 2405 747 2452; x_wconf 82' lang='lat' dir='ltr'><strong>cava</strong></span> <span class='ocrx_word' id='word_1_97' title='bbox 760 2390 851 2452; x_wconf 90' lang='lat' dir='ltr'><strong>sunt</strong></span> <span class='ocrx_word' id='word_1_98' title='bbox 863 2377 1091 2454; x_wconf 84' lang='lat' dir='ltr'><strong>flaventibus</strong></span> <span class='ocrx_word' id='word_1_99' title='bbox 1104 2377 1199 2452; x_wconf 85' lang='lat' dir='ltr'><strong>illitu</strong></span> <span class='ocrx_word' id='word_1_100' title='bbox 1210 2378 1316 2454; x_wconf 84' lang='lat' dir='ltr'><strong>ceris.</strong></span> 
     </span>
     <span class='ocr_line' id='line_1_16' title="bbox 393 2483 1377 2604; baseline 0 -22"><span class='ocrx_word' id='word_1_101' title='bbox 393 2505 515 2582; x_wconf 81' lang='lat' dir='ltr'><strong>Parva</strong></span> <span class='ocrx_word' id='word_1_102' title='bbox 531 2532 636 2580; x_wconf 85' lang='lat' dir='ltr'><strong>mora</strong></span> <span class='ocrx_word' id='word_1_103' title='bbox 648 2483 722 2604; x_wconf 68' lang='lat' dir='ltr'><strong>est}</strong></span> <span class='ocrx_word' id='word_1_104' title='bbox 739 2506 943 2604; x_wconf 78' lang='lat' dir='ltr'><strong>epulasque</strong></span> <span class='ocrx_word' id='word_1_105' title='bbox 956 2505 1031 2580; x_wconf 87' lang='lat' dir='ltr'><strong>foci</strong></span> <span class='ocrx_word' id='word_1_106' title='bbox 1044 2506 1179 2580; x_wconf 73' lang='lat' dir='ltr'><strong>misere</strong></span> <span class='ocrx_word' id='word_1_107' title='bbox 1191 2506 1351 2582; x_wconf 81' lang='lat' dir='ltr'><strong>calentes</strong></span> <span class='ocrx_word' id='word_1_108' title='bbox 1367 2536 1377 2581; x_wconf 90' lang='lat'>:</span> 
     </span>
     <span class='ocr_line' id='line_1_17' title="bbox 392 2635 1310 2736; baseline -0.005 -23"><span class='ocrx_word' id='word_1_109' title='bbox 392 2637 469 2714; x_wconf 87' lang='lat' dir='ltr'><strong>Nec</strong></span> <span class='ocrx_word' id='word_1_110' title='bbox 483 2637 603 2736; x_wconf 84' lang='lat' dir='ltr'><strong>longae</strong></span> <span class='ocrx_word' id='word_1_111' title='bbox 619 2663 753 2712; x_wconf 88' lang='lat' dir='ltr'><strong>rursus</strong></span> <span class='ocrx_word' id='word_1_112' title='bbox 767 2635 987 2711; x_wconf 82' lang='lat' dir='ltr'><strong>referuntur</strong></span> <span class='ocrx_word' id='word_1_113' title='bbox 999 2636 1092 2712; x_wconf 83' lang='lat' dir='ltr'><strong>vine</strong></span> <span class='ocrx_word' id='word_1_114' title='bbox 1107 2647 1262 2710; x_wconf 83' lang='lat' dir='ltr'><strong>senectoe</strong></span> <span class='ocrx_word' id='word_1_115' title='bbox 1277 2644 1310 2734; x_wconf 84' lang='lat'><strong>&#39;3</strong></span> 
     </span>
    </p>
   </div>
   <div class='ocr_carea' id='block_1_3' title="bbox 269 2749 1409 3386">
    <p class='ocr_par' dir='ltr' id='par_1_6' title="bbox 269 2749 1409 3248">
     <span class='ocr_line' id='line_1_18' title="bbox 269 2749 1408 2869; baseline 0.002 -23"><span class='ocrx_word' id='word_1_116' title='bbox 269 2784 279 2796; x_wconf 86' lang='lat'>&#39;</span> <span class='ocrx_word' id='word_1_117' title='bbox 395 2771 572 2867; x_wconf 83' lang='lat' dir='ltr'><strong>Duntque</strong></span> <span class='ocrx_word' id='word_1_118' title='bbox 588 2771 714 2844; x_wconf 89' lang='lat' dir='ltr'><strong>locum</strong></span> <span class='ocrx_word' id='word_1_119' title='bbox 731 2770 871 2843; x_wconf 89' lang='lat' dir='ltr'><strong>mensis</strong></span> <span class='ocrx_word' id='word_1_120' title='bbox 884 2770 1042 2869; x_wconf 82' lang='lat' dir='ltr'><strong>paulum</strong></span> <span class='ocrx_word' id='word_1_121' title='bbox 1055 2769 1206 2846; x_wconf 80' lang='lat' dir='ltr'><strong>seducta</strong></span> <span class='ocrx_word' id='word_1_122' title='bbox 1222 2749 1408 2848; x_wconf 87' lang='lat' dir='ltr'><strong>secundis.</strong></span> 
     </span>
     <span class='ocr_line' id='line_1_19' title="bbox 392 2895 1348 2997; baseline 0.002 -25"><span class='ocrx_word' id='word_1_123' title='bbox 392 2897 466 2972; x_wconf 82' lang='lat' dir='ltr'><strong>Htc</strong></span> <span class='ocrx_word' id='word_1_124' title='bbox 478 2922 581 2993; x_wconf 87' lang='lat' dir='ltr'><strong>nux,</strong></span> <span class='ocrx_word' id='word_1_125' title='bbox 594 2895 659 2969; x_wconf 81' lang='lat' dir='ltr'><strong>hic</strong></span> <span class='ocrx_word' id='word_1_126' title='bbox 676 2895 796 2973; x_wconf 82' lang='lat' dir='ltr'><strong>mixta</strong></span> <span class='ocrx_word' id='word_1_127' title='bbox 811 2909 867 2970; x_wconf 87' lang='lat' dir='ltr'><strong>est</strong></span> <span class='ocrx_word' id='word_1_128' title='bbox 881 2901 1023 2996; x_wconf 87' lang='lat' dir='ltr'><strong>rugosis</strong></span> <span class='ocrx_word' id='word_1_129' title='bbox 1037 2899 1155 2973; x_wconf 83' lang='lat' dir='ltr'><strong>carica</strong></span> <span class='ocrx_word' id='word_1_130' title='bbox 1168 2900 1301 2997; x_wconf 82' lang='lat' dir='ltr'><strong>palmis</strong></span> <span class='ocrx_word' id='word_1_131' title='bbox 1316 2899 1328 2937; x_wconf 81' lang='lat'>³</span> <span class='ocrx_word' id='word_1_132' title='bbox 1337 2957 1348 2996; x_wconf 91' lang='lat'><strong>,</strong></span> 
     </span>
     <span class='ocr_line' id='line_1_20' title="bbox 391 3022 1409 3127; baseline 0.008 -30"><span class='ocrx_word' id='word_1_133' title='bbox 391 3023 612 3121; x_wconf 79' lang='lat' dir='ltr'><strong>Pronaque,</strong></span> <span class='ocrx_word' id='word_1_134' title='bbox 628 3022 723 3096; x_wconf 89' lang='lat' dir='ltr'><strong>etin</strong></span> <span class='ocrx_word' id='word_1_135' title='bbox 740 3023 878 3122; x_wconf 84' lang='lat' dir='ltr'><strong>patulis</strong></span> <span class='ocrx_word' id='word_1_136' title='bbox 890 3024 1098 3100; x_wconf 83' lang='lat' dir='ltr'><strong>redolentia</strong></span> <span class='ocrx_word' id='word_1_137' title='bbox 1110 3029 1208 3102; x_wconf 84' lang='lat' dir='ltr'><strong>mula</strong></span> <span class='ocrx_word' id='word_1_138' title='bbox 1219 3029 1409 3127; x_wconf 72' lang='lat' dir='ltr'><strong>canistris,</strong></span> 
     </span>
     <span class='ocr_line' id='line_1_21' title="bbox 391 3149 1170 3248; baseline 0.009 -24"><span class='ocrx_word' id='word_1_139' title='bbox 391 3149 439 3224; x_wconf 85' lang='lat' dir='ltr'><strong>Et</strong></span> <span class='ocrx_word' id='word_1_140' title='bbox 452 3149 500 3222; x_wconf 90' lang='lat' dir='ltr'><strong>de</strong></span> <span class='ocrx_word' id='word_1_141' title='bbox 513 3150 716 3248; x_wconf 87' lang='lat' dir='ltr'><strong>purpureis</strong></span> <span class='ocrx_word' id='word_1_142' title='bbox 732 3151 894 3226; x_wconf 82' lang='lat' dir='ltr'><strong>collectae</strong></span> <span class='ocrx_word' id='word_1_143' title='bbox 907 3152 1052 3228; x_wconf 84' lang='lat' dir='ltr'><strong>vitibus</strong></span> <span class='ocrx_word' id='word_1_144' title='bbox 1068 3181 1170 3233; x_wconf 84' lang='lat' dir='ltr'><strong>uvae.·</strong></span> 
     </span>
    </p>

    <p class='ocr_par' dir='ltr' id='par_1_7' title="bbox 391 3278 1402 3386">
     <span class='ocr_line' id='line_1_22' title="bbox 391 3278 1402 3386; baseline 0.011 -29"><span class='ocrx_word' id='word_1_145' title='bbox 391 3278 583 3358; x_wconf 76' lang='lat' dir='ltr'><strong>Candidus</strong></span> <span class='ocrx_word' id='word_1_146' title='bbox 596 3279 639 3352; x_wconf 93' lang='lat' dir='ltr'><strong>in</strong></span> <span class='ocrx_word' id='word_1_147' title='bbox 651 3279 777 3354; x_wconf 87' lang='lat' dir='ltr'><strong>medio</strong></span> <span class='ocrx_word' id='word_1_148' title='bbox 791 3281 900 3358; x_wconf 75' lang='lat' dir='ltr'><strong>favus</strong></span> <span class='ocrx_word' id='word_1_149' title='bbox 913 3297 980 3361; x_wconf 83' lang='lat' dir='ltr'><strong>est.</strong></span> <span class='ocrx_word' id='word_1_150' title='bbox 996 3285 1118 3386; x_wconf 79' lang='lat' dir='ltr'><strong>Super</strong></span> <span class='ocrx_word' id='word_1_151' title='bbox 1131 3291 1259 3366; x_wconf 83' lang='lat' dir='ltr'><strong>omnia</strong></span> <span class='ocrx_word' id='word_1_152' title='bbox 1271 3293 1402 3368; x_wconf 83' lang='lat' dir='ltr'><strong>vultus</strong></span> 
     </span>
    </p>
   </div>
   <div class='ocr_carea' id='block_1_4' title="bbox 389 3459 1426 3844">
    <p class='ocr_par' dir='ltr' id='par_1_8' title="bbox 392 3459 1426 3648">
     <span class='ocr_line' id='line_1_23' title="bbox 437 3459 1426 3546; baseline 0.021 -32"><span class='ocrx_word' id='word_1_153' title='bbox 437 3462 446 3492; x_wconf 88' lang='lat'><strong>¹</strong></span> <span class='ocrx_word' id='word_1_154' title='bbox 471 3459 653 3535; x_wconf 71' lang='lat' dir='ltr'><strong>Perephrasis</strong></span> <span class='ocrx_word' id='word_1_155' title='bbox 666 3473 711 3518; x_wconf 77' lang='lat' dir='ltr'><strong>est</strong></span> <span class='ocrx_word' id='word_1_156' title='bbox 722 3463 806 3518; x_wconf 83' lang='lat' dir='ltr'><strong>olivoe</strong></span> <span class='ocrx_word' id='word_1_157' title='bbox 813 3504 823 3532; x_wconf 87' lang='lat'><strong>,</strong></span> <span class='ocrx_word' id='word_1_158' title='bbox 842 3484 910 3538; x_wconf 75' lang='lat' dir='ltr'><strong>qua·</strong></span> <span class='ocrx_word' id='word_1_159' title='bbox 926 3465 1035 3524; x_wconf 80' lang='lat' dir='ltr'><strong>bicolor</strong></span> <span class='ocrx_word' id='word_1_160' title='bbox 1049 3469 1169 3540; x_wconf 81' lang='lat' dir='ltr'><strong>dicitur,</strong></span> <span class='ocrx_word' id='word_1_161' title='bbox 1186 3473 1268 3546; x_wconf 74' lang='lat' dir='ltr'><strong>quod</strong></span> <span class='ocrx_word' id='word_1_162' title='bbox 1278 3487 1308 3531; x_wconf 86' lang='lat' dir='ltr'><strong>et</strong></span> <span class='ocrx_word' id='word_1_163' title='bbox 1322 3475 1426 3536; x_wconf 65' lang='lat' dir='ltr'><strong>sinuit</strong></span> 
     </span>
     <span class='ocr_line' id='line_1_24' title="bbox 392 3561 1400 3648; baseline 0.014 -32"><span class='ocrx_word' id='word_1_164' title='bbox 392 3572 444 3628; x_wconf 68' lang='lat' dir='ltr'><strong>est,</strong></span> <span class='ocrx_word' id='word_1_165' title='bbox 452 3572 479 3616; x_wconf 85' lang='lat' dir='ltr'><strong>et</strong></span> <span class='ocrx_word' id='word_1_166' title='bbox 489 3561 581 3635; x_wconf 79' lang='lat' dir='ltr'><strong>nigra.</strong></span> <span class='ocrx_word' id='word_1_167' title='bbox 591 3565 776 3635; x_wconf 80' lang='lat' dir='ltr'><strong>Apparatum</strong></span> <span class='ocrx_word' id='word_1_168' title='bbox 786 3582 896 3620; x_wconf 83' lang='lat' dir='ltr'><strong>meusoe</strong></span> <span class='ocrx_word' id='word_1_169' title='bbox 904 3567 1018 3622; x_wconf 80' lang='lat' dir='ltr'><strong>rusticoe</strong></span> <span class='ocrx_word' id='word_1_170' title='bbox 1028 3571 1174 3644; x_wconf 73' lang='lat' dir='ltr'><strong>eleganter</strong></span> <span class='ocrx_word' id='word_1_171' title='bbox 1183 3571 1400 3648; x_wconf 67' lang='lat' dir='ltr'><strong>ffugitpoe&#39;tu.</strong></span> 
     </span>
    </p>

    <p class='ocr_par' dir='ltr' id='par_1_9' title="bbox 389 3655 1424 3844">
     <span class='ocr_line' id='line_1_25' title="bbox 436 3655 1424 3736; baseline 0.024 -28"><span class='ocrx_word' id='word_1_172' title='bbox 436 3657 449 3687; x_wconf 80' lang='lat'>⁸</span> <span class='ocrx_word' id='word_1_173' title='bbox 472 3655 520 3710; x_wconf 93' lang='lat' dir='ltr'><strong>On</strong></span> <span class='ocrx_word' id='word_1_174' title='bbox 533 3673 549 3709; x_wconf 81' lang='lat' dir='ltr'>a</span> <span class='ocrx_word' id='word_1_175' title='bbox 563 3665 702 3711; x_wconf 85' lang='lat' dir='ltr'><strong>coutume</strong></span> <span class='ocrx_word' id='word_1_176' title='bbox 716 3656 753 3713; x_wconf 88' lang='lat' dir='ltr'><strong>de</strong></span> <span class='ocrx_word' id='word_1_177' title='bbox 769 3657 832 3714; x_wconf 89' lang='lat' dir='ltr'><strong>dire</strong></span> <span class='ocrx_word' id='word_1_178' title='bbox 846 3678 888 3715; x_wconf 88' lang='lat' dir='ltr'><strong>un</strong></span> <span class='ocrx_word' id='word_1_179' title='bbox 905 3660 956 3718; x_wconf 83' lang='lat' dir='ltr'><strong>viu</strong></span> <span class='ocrx_word' id='word_1_180' title='bbox 969 3663 1078 3736; x_wconf 78' lang='lat' dir='ltr'><strong>vicu13</strong></span> <span class='ocrx_word' id='word_1_181' title='bbox 1097 3665 1169 3722; x_wconf 80' lang='lat' dir='ltr'><strong>mais</strong></span> <span class='ocrx_word' id='word_1_182' title='bbox 1185 3669 1213 3724; x_wconf 82' lang='lat' dir='ltr'><strong>la</strong></span> <span class='ocrx_word' id='word_1_183' title='bbox 1229 3669 1368 3728; x_wconf 82' lang='lat' dir='ltr'><strong>vieillcsse</strong></span> <span class='ocrx_word' id='word_1_184' title='bbox 1381 3671 1424 3732; x_wconf 84' lang='lat' dir='ltr'><strong>du</strong></span> 
     </span>
     <span class='ocr_line' id='line_1_26' title="bbox 389 3751 1301 3844; baseline 0.02 -34"><span class='ocrx_word' id='word_1_185' title='bbox 389 3751 444 3810; x_wconf 70' lang='lat' dir='ltr'><strong>tiu</strong></span> <span class='ocrx_word' id='word_1_186' title='bbox 456 3764 499 3810; x_wconf 84' lang='lat' dir='ltr'><strong>est</strong></span> <span class='ocrx_word' id='word_1_187' title='bbox 513 3771 570 3809; x_wconf 86' lang='lat' dir='ltr'><strong>une</strong></span> <span class='ocrx_word' id='word_1_188' title='bbox 583 3757 752 3830; x_wconf 78' lang='lat' dir='ltr'><strong>expression</strong></span> <span class='ocrx_word' id='word_1_189' title='bbox 765 3758 952 3832; x_wconf 75' lang='lat' dir='ltr'><strong>particuliire</strong></span> <span class='ocrx_word' id='word_1_190' title='bbox 966 3781 1005 3820; x_wconf 78' lang='lat' dir='ltr'><strong>uu</strong></span> <span class='ocrx_word' id='word_1_191' title='bbox 1019 3765 1140 3842; x_wconf 79' lang='lat' dir='ltr'><strong>lungage</strong></span> <span class='ocrx_word' id='word_1_192' title='bbox 1153 3769 1301 3844; x_wconf 74' lang='lat' dir='ltr'><strong>pectique.</strong></span> 
     </span>
    </p>
   </div>
   <div class='ocr_carea' id='block_1_5' title="bbox 378 3842 1423 4028">
    <p class='ocr_par' dir='ltr' id='par_1_10' title="bbox 378 3842 1423 4028">
     <span class='ocr_line' id='line_1_27' title="bbox 434 3842 1423 3946; baseline 0.025 -43"><span class='ocrx_word' id='word_1_193' title='bbox 434 3842 447 3880; x_wconf 85' lang='lat'><strong>³</strong></span> <span class='ocrx_word' id='word_1_194' title='bbox 473 3849 576 3906; x_wconf 80' lang='lat' dir='ltr'><strong>Can&#39;ca</strong></span> <span class='ocrx_word' id='word_1_195' title='bbox 584 3851 670 3924; x_wconf 75' lang='lat' dir='ltr'><strong>ficus</strong></span> <span class='ocrx_word' id='word_1_196' title='bbox 689 3868 732 3910; x_wconf 80' lang='lat' dir='ltr'><strong>est</strong></span> <span class='ocrx_word' id='word_1_197' title='bbox 748 3858 866 3930; x_wconf 70' lang='lat' dir='ltr'><strong>spedus.</strong></span> <span class='ocrx_word' id='word_1_198' title='bbox 886 3861 962 3920; x_wconf 69' lang='lat' dir='ltr'><strong>Hauc</strong></span> <span class='ocrx_word' id='word_1_199' title='bbox 982 3880 1050 3919; x_wconf 81' lang='lat' dir='ltr'><strong>usus</strong></span> <span class='ocrx_word' id='word_1_200' title='bbox 1065 3863 1185 3923; x_wconf 73' lang='lat' dir='ltr'><strong>obtenuit</strong></span> <span class='ocrx_word' id='word_1_201' title='bbox 1200 3879 1231 3924; x_wconf 77' lang='lat' dir='ltr'><strong>ut</strong></span> <span class='ocrx_word' id='word_1_202' title='bbox 1247 3868 1353 3926; x_wconf 79' lang='lat' dir='ltr'><strong>carr&#39;coe</strong></span> <span class='ocrx_word' id='word_1_203' title='bbox 1361 3889 1423 3946; x_wconf 82' lang='lat' dir='ltr'><strong>pro</strong></span> 
     </span>
     <span class='ocr_line' id='line_1_28' title="bbox 378 3948 797 4028; baseline 0.012 -23"><span class='ocrx_word' id='word_1_204' title='bbox 378 3948 502 4018; x_wconf 76' lang='lat' dir='ltr'><strong>ficubus·</strong></span> <span class='ocrx_word' id='word_1_205' title='bbox 514 3950 595 4008; x_wconf 79' lang='lat' dir='ltr'><strong>u&#39;ccis</strong></span> <span class='ocrx_word' id='word_1_206' title='bbox 609 3953 797 4028; x_wconf 68' lang='lat' dir='ltr'><strong>accipinutur.</strong></span> 
     </span>
    </p>
   </div>
   <div class='ocr_carea' id='block_1_6' title="bbox 0 0 1636 5342">
    <p class='ocr_par' dir='ltr' id='par_1_11' title="bbox 0 0 1636 5342">
     <span class='ocr_line' id='line_1_29' title="bbox 0 0 1636 5342; baseline 0 11"><span class='ocrx_word' id='word_1_207' title='bbox 0 0 1636 5342; x_wconf 95' lang='lat' dir='ltr'><strong> </strong></span> 
     </span>
    </p>
   </div>
  </div>
 </body>
</html>
