3230 5348
442 580 510 718 1‘78
551 635 636 692 oss
664 602 1110 688 ui'rsuonruosss
1140 625 1370 708 n’ovtur,

439 781 603 856 Vidisset
615 781 795 878 lacrymas
812 805 821 850 :
836 773 967 850 vultus
981 773 1138 848 vidisset
1149 778 1322 853 amantis.

438 915 554 991 Plura
569 917 675 1014 loqui
690 925 879 1013 poteram,
896 910 1012 1006 quim
1027 935 1113 1005 quae
1129 911 1259 1008 cepdre
1274 910 1431 987 tabellae.

439 1045 570 1122 Invito
582 1042 690 1142 potui
703 1038 938 1116 circumdare
950 1039 1104 1114 brachia
1116 1039 1230 1114 collo:

440 1171 702 1272 Amplectique
713 1167 827 1268 pedes
845 1195 853 1242 :
872 1165 1064 1264 effusaque
1080 1191 1232 1264 poscere
1244 1167 1384 1243 vitum:

441 1303 506 1402 Et,
525 1305 557 1378 si
572 1303 767 1400 rejiceret,
785 1297 894 1400 potui
910 1297 1097 1373 moritura
1111 1297 1247 1372 videri.

439 1434 583 1510 Omnia
596 1431 782 1528 fecissem,
800 1455 966 1526 qnorum
980 1429 1013 1501 si
1029 1427 1176 1525 singula
1189 1429 1326 1504 duram

441 1563 604 1638 nectere
620 1585 699 1636 non
715 1568 909 1657 poterant,
926 1555 1139 1652 potuissent
1150 1557 1296 1654 omnia,
1312 1571 1494 1636 mentem.

440 1689 612 1766 Forsitan
625 1701 662 1762 et
672 1687 777 1762 missi
790 1685 839 1759 sit
854 1683 1027 1782 quaedam
1041 1683 1152 1782 eulpa
1165 1685 1346 1760 ministri.

441 1828 528 1904 Non
543 1825 637 1900 adiit
652 1825 759 1896 caute
775 1849 783 1894 :
804 1844 884 1893 non
897 1817 986 1914 legit
1001 1815 1176 1912 ideonen,
1192 1815 1323 1915 eredo,
1378 1821 1382 1828 '

442 1952 646 2052 Tempora:
656 1975 726 2024 nee
732 1947 841 2046 petiit
847 1944 1529 2044 horamqueanimumquevaoentem.

443 2083 533 2160 Haec
546 2085 707 2160 nocuere
722 2079 822 2155 mihi
834 2107 841 2152 :
854 2103 978 2174 neque
990 2077 1094 2150 enim
1106 2075 1155 2148 de
1169 2077 1303 2174 tigride
1315 2092 1446 2176 natus3

441 2217 517 2292 Nec
530 2215 665 2313 rigidas
679 2213 819 2308 silices,
833 2209 1047 2284 solidumve
1060 2208 1101 2280 in
1115 2220 1263 2305 pectore
1275 2208 1442 2316 ferrum,

439 2349 520 2426 Aut
533 2347 749 2443 adunantes,
767 2346 861 2442 gerit
877 2371 886 2417 :
901 2369 971 2416 nec
986 2343 1042 2418 loe
1055 2341 1153 2416 bibit
1168 2341 1233 2417 ille
1249 2343 1389 2424 leaenae.

443 2481 640 2556 Vincetur.
653 2476 893 2575 Repetendus
907 2475 979 2548 erit
1000 2503 1008 2550 :
1027 2500 1097 2548 nec
1112 2475 1223 2548 taedia
1237 2477 1351 2574 coepti

441 2608 528 2696 Ulla
541 2609 617 2682 mei
631 2608 793 2704 copiam,
809 2605 903 2680 dum
919 2605 1073 2703 spiritns
1088 2605 1158 2679 iste
1173 2608 1352 2684 manebit.

442 2739 538 2820 Nam
551 2741 741 2839 primum,
759 2737 791 2811 si
804 2736 879 2811 fata
891 2738 990 2813 mihi
1001 2763 1177 2812 revocare
1188 2739 1337 2836 liceret,

442 2871 530 2950 Non
542 2871 697 2969 coepisse
710 2869 784 2944 suit
802 2898 810 2944 :
827 2883 947 2967 eoeptn
960 2895 1174 2968 expugnare
1187 2871 1396 2946 secundum
1410 2887 1466 2950 est
1483 2885 1506 2955 ⁸.

442 3003 595 3100 Quippe
607 3027 676 3076 nee
689 3002 752 3077 ille
763 3009 903 3101 potest,
918 3015 963 3076 ut
973 3004 1049 3098 jam
1062 3029 1145 3078 mea
1156 3016 1245 3078 vota
1255 3005 1491 3108 relinquam,

443 3128 667 3207 Nontamen
681 3159 857 3206 ausorum
873 3159 1020 3231 semper
1032 3159 1177 3207 memor
1193 3159 1271 3207 esse
1283 3157 1470 3213 meorum.

442 3259 508 3357 Et,
523 3261 614 3358 quia
627 3261 822 3362 desierim,
836 3264 971 3339 leviter
987 3263 1151 3336 voluisse
1165 3261 1344 3360 videbor;

442 3387 521 3468 Aut
533 3389 645 3465 etiam
658 3404 817 3468 tentasse
830 3394 958 3490 illum,
977 3393 1201 3490 insidiisque
1213 3393 1359 3490 petisse.

442 3519 491 3596 Et
504 3533 628 3596 tumen
641 3525 721 3622 ipsa
735 3525 860 3624 loqui,
880 3553 949 3600 nec
963 3551 1024 3600 me
1041 3528 1274 3601 committere
1287 3554 1382 3605 cereo

442 3652 676 3756 Debueram,
691 3685 930 3756 praesensque
941 3686 1044 3734 meos
1057 3660 1202 3758 aperire
1215 3657 1376 3738 furores.

487 3853 498 3884 ¹
521 3855 623 3912 Multis
640 3857 798 3913 rau'oreibus
814 3859 924 3932 colligit
937 3831 1156 3936 Byblis'melius
1173 3877 1234 3916 esse
1251 3870 1283 3916 ut
1293 3859 1435 3934 persistat
1447 3860 1480 3918 in

406 3993 410 4000 .
443 3951 587 4026 incoepto,
610 3954 699 4028 qudm
719 3956 758 4011 ab
775 3975 809 4011 eo
826 3958 953 4015 deu'stat.
977 3959 1121 4028 Omnino,
1137 3960 1246 4037 inquit,
1260 3959 1329 4030 jam
1346 3957 1479 4032 afflando

443 4049 591 4118 commui,
605 4069 698 4126 neque
709 4052 847 4111 ιἰυιοοσιυ
858 4056 1155 4134 exisdmonpossum.
