3262 5342
470 621 518 718 76
585 642 671 701 Les
698 614 1139 700 nirauonrnosrs
1169 641 1402 723 o’ovrna,

542 887 619 961 XV
627 889 679 963 H.
715 893 872 964 Sacrum
906 887 1028 960 Cereri
1055 889 1181 962 lucum
1207 893 1349 964 violare
1373 916 1495 964 ausus

693 1019 983 1090 erisichthone
1005 1017 1077 1094 dea‘
1092 1020 1286 1116 plectitur.

516 1261 612 1336 Nec
628 1235 758 1336 minus
771 1261 949 1360 Autolyci
967 1263 1129 1357 eonjux,
1148 1257 1415 1336 Erisichthone
1427 1271 1539 1358 nata,

466 1389 570 1464 Jun's
586 1389 711 1466 habet.
729 1393 841 1466 Pater
853 1379 969 1487 hujus
983 1401 1079 1487 erat,
1093 1391 1164 1488 qui
1177 1392 1341 1466 nomina
1353 1389 1500 1468 Divom

466 1520 685 1622 Sperneret,
701 1537 737 1597 et
752 1523 879 1597 nullos
891 1523 967 1598 aris
982 1523 1146 1598 adoleret
1158 1521 1323 1598 honores
1342 1531 1368 1598 ³.

466 1653 533 1728 Ille
551 1656 663 1730 etiam
679 1657 827 1730 Cereale
840 1683 975 1731 nemus
989 1656 1146 1730 violasse
1163 1637 1286 1730 securi

465 1784 637 1882 Dicitur,
653 1801 690 1861 et
702 1789 807 1862 lucos
824 1787 924 1862 ferro
937 1799 1135 1862 temerasse
1148 1798 1327 1861 vetustos.

514 1914 641 1987 Stabat
653 1915 696 1988 in
709 1915 771 1990 his
785 1916 916 2014 ingens
930 1941 1073 1988 annoso
1086 1916 1222 1988 robore
1236 1939 1418 2010 quercus,

465 2041 578 2116 Una¹
595 2071 729 2118 nemus
747 2075 754 2120 :
770 2046 877 2134 vittae
889 2045 1071 2142 mediam,
1086 2071 1346 2142 memoresque
1359 2025 1524 2142 tabellae,

465 2171 645 2269 Sertaque
662 2173 877 2272 cingebant,
892 2175 973 2248 voti
986 2186 1206 2271 argumenta
1218 2173 1395 2271 potentis.

464 2303 570 2400 Saepe
583 2305 654 2382 sub
667 2305 738 2378 hac
750 2305 920 2403 Dryades
932 2305 1042 2378 festas
1056 2303 1201 2378 duxere
1213 2303 1367 2378 choreas
1375 2335 1387 2401 3
1402 2381 1405 2396 ,

464 2429 568 2528 Saepe
584 2431 714 2529 etiam,
733 2434 909 2507 manibus
923 2433 1032 2506 nexis
1046 2459 1094 2506 ex
1108 2433 1261 2530 ordine,
1276 2434 1405 2508 trunci

465 2563 655 2640 Circuiere
667 2565 826 2641 modum
844 2595 851 2640 :
867 2591 1122 2664 mensuraque
1138 2565 1285 2640 roboris
1298 2566 1407 2640 ulum

465 2691 647 2792 Quinque
662 2707 721 2768 ter
736 2696 916 2793 1mplebat
932 2722 940 2768 ε
956 2721 1026 2768 nec
1040 2722 1120 2768 non
1134 2709 1171 2769 et
1187 2707 1319 2770 eoetera
1336 2705 1443 2770 tanto

463 2825 568 2902 Silva
580 2827 651 2900 sub
663 2825 752 2922 hac,
772 2825 867 2898 silvi
879 2838 1024 2923 quanto
1036 2827 1130 2922 jacet
1142 2825 1261 2901 herba
1277 2828 1348 2902 sub
1363 2825 1483 2901 omni.

511 2953 597 3026 Non
610 2963 736 3026 tamen
752 2950 894 3026 idcirco
906 2951 1052 3028 serrum
1065 2952 1267 3051 Triopeius
1280 2951 1372 3027 illle8

462 3080 679 3179 Abstinuit,
697 3081 935 3182 famulosque
947 3085 1054 3180 jubet
1066 3083 1257 3158 succidere
1271 3109 1419 3160 sacrum

507 3305 516 3338 ¹
537 3295 1500 3376 Expressionelegammentfigurle:l'elletestmispourlseause.

462 3397 573 3477 Virgile
587 3419 603 3456 a
616 3399 660 3456 dit
672 3399 709 3456 de
722 3400 816 3456 meme
829 3419 836 3453 :

633 3538 686 3588 Aut
693 3537 795 3604 supplex
805 3536 856 3586 aris
866 3537 975 3604 imponat
985 3536 1107 3588 Ιιοιωνοηι.

505 3670 518 3700 ·
541 3650 711 3722 Laeonisme
724 3667 865 3743 poetique
878 3665 1041 3724 admirable
1053 3665 1107 3742 qui
1119 3663 1201 3741 peint
1214 3665 1232 3722 l
1244 3663 1356 3740 l’esprit
1372 3681 1410 3722 en
1422 3664 1501 3724 deux

460 3771 540 3819 snots
552 3761 712 3823 l'immense
724 3763 876 3840 grandeur
888 3764 961 3822 d'un
974 3763 1037 3822 seul
1050 3763 1148 3821 arbre.
1167 3765 1217 3822 On
1234 3763 1323 3820 dirait
1339 3781 1377 3820 en
1390 3781 1499 3838 prose:

462 3861 532 3917 Sola
544 3862 669 3916 nemoris
681 3863 902 3938 amplitudinem
916 3882 1086 3938 exaequans.

504 3971 742 4064 ³=Erisiclrthonis
749 3973 864 4048 fabula
882 3975 1050 4032 describitur
1065 3977 1148 4051 apud
1164 3971 1392 4041 Callimachum,
1409 3973 1461 4048 qui
1473 3985 1503 4034 el

455 4081 574 4145 patrem
584 4068 790 4132 muretum
802 4073 940 4152 Triopan
951 4074 1165 4150 vocat,fils'um
1175 4072 1307 4151 Nepumi
1316 4090 1355 4129 er
1368 4069 1496 4129 Caram.
