3242 5348
434 529 504 605 158
547 545 630 602 cus
661 515 1106 598 ndcsuonnnosss
1136 539 1363 617 monins,

430 693 517 766 Non
533 703 589 764 est
603 713 709 788 passa
720 687 888 762 Themis.
909 687 1004 762 Nam
1017 688 1092 783 jam
1106 686 1293 762 discordia
1304 687 1446 764 Tbebae

430 822 533 898 Rella
544 831 723 915 movent,
742 816 862 914 dixit,
880 817 1150 916 Capaneusquc
1163 819 1238 892 nisi
1251 817 1297 892 ab
1311 819 1406 892 Jove
1419 811 1525 891 vinci
1601 795 1602 800 ¹

430 954 541 1036 Haud
555 953 693 1053 poterit
710 981 718 1028 :
733 953 921 1050 ibuntque
934 975 1040 1049 pares
1053 951 1096 1026 in
1109 952 1271 1027 viduare
1283 951 1415 1026 fratres
1429 977 1437 1023 :

382 1154 395 1172 ,
428 1083 684 1185 seductique,
703 1107 790 1156 suos
805 1105 953 1179 manes,
971 1081 1125 1180 tellure,
1144 1083 1291 1156 videbit
1307 1089 1318 1120 ²

428 1213 551 1287 Vivus
564 1211 690 1285 adhuc
707 1220 809 1283 vates
827 1237 835 1282 ε
851 1209 1031 1307 ultusque
1045 1223 1199 1308 parente
1213 1221 1406 1308 parentem

428 1341 567 1436 Natus,
586 1339 657 1412 erit
671 1337 767 1412 facto
784 1338 870 1435 pius
884 1349 921 1412 et
936 1337 1133 1413 sceleratus
1147 1340 1278 1415 eodem
1292 1367 1300 1414 :

426 1468 696 1564 Attonitusque
712 1463 839 1564 malis,
855 1467 964 1540 exsul
976 1467 1190 1566 mentisque
1206 1466 1417 1564 domdsque

425 1602 605 1676 Vultibus
623 1598 901 1697 Eumenidum,
917 1600 1124 1698 matrisque
1136 1600 1335 1699 agitabitur
1349 1599 1519 1693 umbris;

425 1735 555 1810 Donec
570 1755 658 1803 eum
671 1730 815 1825 conjux
826 1727 936 1802 fatale
948 1729 1160 1826 poposcerit
1171 1753 1329 1824 aurum,

424 1865 707 1960 cognatumque
720 1859 818 1931 latus
831 1857 1013 1956 Phegeius
1027 1859 1195 1946 hauserit
1207 1859 1318 1932 ensis.
1407 1878 1419 1896 ²

422 1990 526 2066 Tum
540 1989 697 2064 demum
709 2003 843 2086 magno
856 2001 956 2086 petet
972 1989 1042 2064 hos
1056 1989 1234 2065 Acheloia
1248 1988 1408 2086 supplex

422 2123 482 2198 Ab
495 2123 588 2196 Jove
602 2105 790 2194 callirhoe
804 2121 901 2195 natis
917 2121 1128 2198 infantibus
1140 2149 1272 2198 annos.

422 2255 445 2327 J
448 2237 597 2350 uppiter
609 2250 671 2324 his
687 2263 832 2349 motus,
850 2251 1035 2351 privignae
1052 2251 1152 2326 dona
1165 2249 1392 2345 nurusque·

421 2383 637 2481 Praecipiet,
656 2383 838 2481 facietque
851 2385 954 2459 viros
967 2385 1187 2481 impubibus
1201 2381 1324 2456 annis.

468 2519 559 2591 Haec
573 2518 643 2590 ubi
659 2517 820 2591 faticano
836 2520 992 2591 venturi
1006 2519 1160 2616 praesoia
1175 2517 1276 2590 dixit

420 2647 496 2724 Ore
510 2645 685 2741 Themis3
700 2647 807 2719 vario
821 2647 957 2746 Superi
970 2675 1142 2722 sermone
1159 2648 1388 2721 fremebant:

418 2779 482 2874 Et,
499 2802 568 2848 cur
581 2799 660 2846 non
673 2773 756 2846 aliis
771 2773 899 2847 eadem
913 2775 1003 2848 darc
1015 2776 1115 2850 dona
1131 2779 1282 2872 liceret,

416 2909 596 2983 Murmur
608 2915 698 2977 erat.
717 2903 904 2990 Quentur
917 2919 1062 2980 veteres
1075 2906 1274 2982 Pallantias
1287 2928 1406 2977 annos

415 3033 591 3130 conjugis
606 3057 683 3106 esse
700 3033 760 3105 sui
777 3062 785 3106 ε
805 3035 981 3130 queritur
999 3063 1190 3110 canescere
1206 3033 1309 3108 mitis
1337 3009 1340 3014 Ι

414 3163 562 3238 Iasiona
575 3161 683 3235 Ceres
702 3162 929 3259 :repetitum
942 3165 1129 3240 Mulciber
1141 3189 1269 3240 aevum

457 3347 466 3378 ¹
489 3342 561 3398 Suos
571 3360 672 3398 manes
680 3361 760 3418 pour
770 3344 879 3410 inferos
888 3346 969 3402 deos.
979 3344 1158 3420 Expression
1168 3345 1269 3404 hardie
1282 3355 1310 3402 et
1320 3341 1450 3418 figuret,

313 3473 317 3481 ·
413 3439 591 3515 oppropriee
605 3439 622 3496 d
636 3440 664 3497 ln
678 3441 894 3511 circonstance‚
915 3443 1042 3518 puisque
1058 3443 1237 3519 Amphiarus
1254 3442 1301 3498 fut
1317 3438 1452 3516 englouti

413 3539 516 3596 vivant
525 3555 595 3594 avec
604 3539 737 3596 sonchar
745 3539 818 3596 dans
827 3539 855 3600 la
865 3553 942 3599 terre
953 3543 1151 3600 entr’ouverte
1160 3563 1230 3601 sous
1241 3561 1285 3600 ses
1291 3561 1354 3618 pus.
1365 3540 1449 3598 Cette

410 3633 545 3691 locution
558 3634 726 3709 appartient
741 3653 781 3694 au
797 3640 881 3716 genie
894 3638 937 3698 du
949 3641 1036 3716 posite
1051 3643 1119 3717 plns
1138 3661 1243 3700 encore
1257 3645 1349 3719 qu'au
1362 3639 1447 3718 gtnie

412 3729 450 3788 de
464 3749 495 3788 sa
507 3732 625 3808 langue.

454 3833 468 3862 ¹
488 3829 585 3900 Hebe,
600 3831 658 3890 fille
676 3833 713 3892 de
727 3837 845 3912 Junon,
864 3851 894 3900 et
910 3837 1058 3900 belle-fille
1074 3839 1111 3906 de
1128 3838 1261 3918 Jupiter,
1277 3851 1306 3897 et
1323 3858 1354 3898 su
1369 3839 1447 3912 bru,

409 3943 523 3984 comme
539 3927 649 4002 tpouse
661 3929 826 3994 d’flercule.
