3262 5342
385 607 435 684 46
506 621 591 678 aas
622 593 1055 676 nerinonrnoses
1085 612 1311 690 u’ovrna,

383 869 432 942 X
470 868 629 942 Alttaea
660 863 851 962 Meleagri
875 871 998 932 mater·
1025 853 1233 959 inteffectos
1266 859 1317 930 ob
1346 860 1426 958 ipso

444 994 591 1098 fratres
611 1019 699 1068 suos
706 992 789 1092 filii
810 1003 924 1086 morte
943 991 1074 1064 ukisci
1094 1015 1170 1062 non
1193 991 1353 1066 dubitat.

430 1253 566 1328 Dona
578 1246 704 1326 Deum
720 1243 886 1342 templis,
901 1253 989 1318 nato
1002 1243 1166 1340 victore,
1185 1243 1345 1342 ferebat,

383 1385 481 1460 Cirm
494 1376 599 1457 videt
614 1381 800 1453 extinctos
815 1375 965 1472 stane,
983 1375 1148 1475 Althaea,
1163 1377 1309 1453 referri.

383 1517 496 1613 oue,
510 1513 686 1612 plangore
704 1517 712 1548 ¹
729 1508 835 1605 dato,
851 1507 995 1582 moestis
1011 1507 1219 1584 ululatibus
1232 1509 1368 1584 urbem

379 1644 534 1742 Implet3
550 1653 588 1715 et
601 1650 748 1714 auratas
762 1636 926 1712 mumvit
941 1637 1109 1712 vestibus
1121 1637 1225 1712 atris.

379 1773 430 1849 At
445 1769 561 1846 simul
576 1781 632 1844 est
646 1780 777 1842 auctor
789 1765 891 1840 necis
903 1757 1049 1863 editus,
1066 1767 1206 1842 excidit
1219 1763 1344 1842 omnis

379 1902 540 1996 Luctus3
557 1911 595 1974 et
610 1925 632 1972 a
647 1897 822 1995 lacrymis
837 1896 880 1968 in
892 1921 1016 1992 poenae
1033 1921 1164 1970 versus
1177 1920 1345 1994 amorem
1358 1907 1424 1970 est.

428 2030 548 2127 Stipes
566 2040 645 2104 erat
657 2037 687 2124 ⁸,
702 2052 836 2126 quem,
852 2027 941 2099 clim
957 2037 1088 2122 partus
1102 2026 1216 2100 enixa
1227 2027 1362 2121 jaceret

377 2155 568 2254 Thestias,
586 2156 630 2230 in
645 2155 836 2230 flammam
850 2154 1016 2251 triplices
1030 2157 1188 2253 posuere
1203 2155 1355 2232 Sorores
1369 2153 1382 2193 ⁸
1395 2183 1404 2230 ι

376 2290 620 2387 staminaque
635 2287 816 2385 impresso
832 2285 955 2362 fatalia
967 2287 1102 2385 pollice
1118 2301 1269 2386 nentes,

374 2419 579 2520 Tempora,
592 2419 794 2515 dixerunt,
810 2417 939 2492 eadem
953 2419 1130 2516 lignoque
1144 2418 1310 2516 tibique,

375 2553 425 2626 O!
442 2547 556 2624 modo
568 2559 671 2644 nate,
686 2545 832 2620 damus.
849 2545 935 2634 Quo
948 2559 1032 2642 post
1044 2545 1160 2642 quim
1172 2544 1338 2622 carmine
1350 2544 1453 2620 dicto

372 2683 571 2760 Excessere
585 2681 694 2774 Deoe3
709 2676 926 2774 flagrantem
940 2685 1059 2748 mater
1073 2676 1120 2748 ab
1135 2674 1219 2772 igne

372 2817 524 2916 Eripuit
540 2828 701 2909 torrem,
716 2810 926 2909 sparsitque
939 2808 1173 2907 liquentibus
1186 2808 1314 2885 undis.

371 2948 439 3023 Ille
454 2946 522 3021 diu
536 2944 660 3020 flierat
674 2941 930 3040 penetralibus
943 2941 1092 3016 abditus
1107 2941 1215 3039 imis3

370 3077 623 3171 Servatusque
638 3083 742 3169 tuos,
759 3073 927 3170 juvenis,
944 3085 1157 3148 servaverat
1171 3099 1302 3150 annos.

369 3207 532 3282 Protulit
543 3205 650 3281 hunc
663 3205 846 3305 genitrix,
861 3205 1050 3303 taedusque
1063 3205 1105 3278 in
1119 3204 1302 3303 fragmine
1313 3205 1405 3302 poni

368 3339 532 3434 Imperat
548 3364 556 3410 :
572 3347 610 3410 et
624 3336 755 3436 positis
768 3336 942 3410 inimicos
958 3334 1134 3412 admovet
1145 3337 1260 3434 ignes.

367 3467 469 3542 Tum
484 3479 616 3541 conata
631 3478 764 3565 quater
776 3465 938 3540 flammis
951 3465 1147 3564 imponere
1159 3476 1331 3561 ramum,

410 3667 420 3698 ¹
444 3666 575 3742 Plangor
597 3663 708 3742 signifle
730 3653 849 3722 l'ection
872 3663 961 3721 d'une
981 3683 1126 3739 personne
1149 3663 1222 3740 qui,
1247 3662 1320 3721 dans
1344 3677 1400 3721 son

364 3761 523 3833 efflictim,
538 3784 568 3822 se
578 3765 682 3842 irappe
695 3782 732 3823 en
743 3777 887 3842 ponesant
900 3763 1030 3824 deseris.

407 3865 421 3893 ⁸
442 3863 570 3937 Serpitem
584 3863 717 3920 describit
716 3863 849 3936 fatalem
854 3869 949 3938 pot-'ea
961 3863 992 3920 in
1005 3882 1063 3939 quo
1075 3864 1139 3921 uita
1151 3863 1295 3942 Meleagri
1305 3862 1397 3920 conti·

366 3957 497 4014 uebatur.

406 4048 418 4088 ³
440 4053 509 4108 Tres
521 4053 644 4123 Parere,
662 4053 761 4112 Clotho
769 4095 780 4125 ,
797 4055 952 4128 lachesis,
968 4069 997 4114 et
1009 4059 1142 4132 Atropos.
