3210 5368
447 625 516 676 120
557 615 642 670 css
670 583 1105 669 uiusuouuuosss
1135 607 1362 686 u’ovius,

442 759 621 833 Nondum
635 767 713 830 emt
725 755 787 826 ille
799 753 924 849 Deus)
942 755 1078 848 Regem
1091 781 1152 829 me
1165 758 1288 830 cernis
1300 783 1508 856 aquarum,

444 892 626 964 Cursibus
638 884 803 980 obliquis
816 885 917 955 intra
928 894 993 953 tua
1007 907 1119 977 regna
1130 881 1319 958 fluentiim
1336 893 1344 921 ¹
1358 914 1367 959 :

443 1023 519 1096 Nec
531 1043 643 1118 gener
658 1014 824 1088 externis
837 1011 971 1108 hospes
984 1011 1055 1084 tibi
1068 1013 1204 1086 missus
1218 1015 1264 1086 ab
1276 1014 1374 1110 oris,

351 1237 353 1244 Α
444 1148 516 1220 Sed
533 1144 725 1245 popularis
739 1167 823 1237 ero,
841 1154 877 1213 et
891 1167 1021 1213 rerum
1033 1166 1119 1237 pars
1134 1167 1212 1214 una
1225 1154 1392 1216 mamm.

443 1277 610 1352 Tantum
626 1301 675 1348 ne
691 1282 840 1366 noceat,
858 1269 960 1366 quod
978 1297 1039 1343 me
1055 1295 1126 1343 nec
1141 1271 1239 1368 regis
1254 1273 1358 1345 Juno

444 1407 557 1503 Odit,
574 1419 612 1479 et
623 1404 748 1479 omnis
760 1403 863 1475 abest
873 1402 1065 1496 jussorum
1082 1426 1194 1498 poem
1209 1403 1395 1476 labormn.

443 1536 540 1611 Nam
554 1532 656 1631 quod
673 1545 710 1605 te
724 1534 836 1628 jactas
849 1529 1029 1602 Alcmend
1041 1542 1159 1602 matre
1176 1542 1359 1627 creatum,

445 1660 621 1758 Juppiter
633 1670 700 1732 aut
710 1657 824 1732 salsus
838 1671 943 1754 pater
958 1668 1032 1753 eet,
1048 1668 1115 1730 aut
1128 1657 1286 1730 cn'miue
1299 1683 1425 1733 verus.

446 1791 577 1866 Matris
589 1787 775 1862 adulterio
790 1799 934 1886 patrem
948 1788 1043 1887 petis
1061 1817 1071 1862 τ
1086 1787 1195 1888 elige,
1212 1788 1370 1863 fictum·

447 1919 535 1996 Esse
550 1923 684 1996 Jovem
698 1921 823 2020 melis,
842 1947 891 1993 en
906 1933 943 1994 te
959 1949 1027 2021 per
1039 1921 1199 1996 dedecus
1214 1935 1353 1997 ortum.

641 2161 696 2236 ΙΙ.
723 2161 901 2237 Herculis
921 2175 960 2235 et
970 2161 1133 2236 Acheloi
1138 2189 1286 2262 pugrm.

495 2401 641 2480 Tuum
656 2403 844 2480 dicentem
859 2407 935 2501 jam
949 2403 1098 2480 dudum
1110 2405 1258 2480 lumine
1271 2413 1382 2480 torvo

405 2523 408 2532 ¹
449 2533 612 2630 Spectat,
628 2542 666 2604 et
677 2556 838 2604 eccensae
851 2556 931 2604 non
945 2530 1091 2604 fortiter
1108 2530 1266 2627 imperat
1278 2531 1364 2628 irae,

447 2661 645 2758 Verbaque
657 2673 712 2734 tot
724 2660 849 2733 reddit
865 2690 873 2735 :
887 2661 1023 2735 Melior
1035 2659 1133 2735 mihi
1146 2660 1299 2735 dextera
1310 2659 1450 2758 lingui.

449 2788 666 2868 Dummodo
679 2787 881 2883 pugnando
894 2815 1087 2886 superem,
1102 2801 1146 2862 tu
1158 2791 1269 2864 vince
1283 2790 1488 2890 loquendo,

449 2915 773 3012 Congrediturque
789 2915 909 2990 ferox.
928 2918 1071 2992 Puduit
1084 2919 1197 3019 modi>
1213 2947 1343 3020 magna
1357 2922 1533 2996 locutum

448 3045 597 3120 Cedere.
618 3043 740 3138 Rejcci
756 3044 917 3120 viridem
933 3045 946 3084 ³
962 3047 1010 3120 de
1024 3075 1179 3146 corpore
1192 3063 1355 3146 vestem3

448 3176 679 3274 Brachiaque
692 3178 851 3274 opposui
868 3207 877 3253 :
892 3181 1073 3277 tenuique
1085 3208 1107 3253 a
1118 3179 1269 3277 ¹pectore
1281 3207 1389 3256 varas

448 3309 496 3382 ln
512 3309 668 3382 statione
682 3335 837 3406 manus,
856 3322 893 3383 et
907 3335 1043 3408 puguae
1056 3314 1224 3386 membra
1234 3313 1380 3410 paravi.

490 3503 500 3535 ¹
525 3505 566 3561 Le
579 3502 674 3562 fleuve
694 3505 839 3562 Achelous
851 3505 946 3580 prend
966 3524 997 3562 sa
1018 3525 1122 3564 source
1143 3507 1244 3582 eupit
1262 3507 1304 3564 du
1317 3507 1431 3577 Pindo,
1448 3519 1479 3565 et

447 3602 520 3662 dam
534 3623 589 3660 sou
601 3621 689 3660 cours
703 3605 804 3678 stpsre
817 3605 930 3662 l'Etolie
943 3607 983 3662 od
995 3607 1108 3682 regnsit
1123 3609 1244 3676 ΟΕιιέε,
1256 3607 1326 3683 pere
1338 3607 1375 3664 de
1387 3605 1479 3681 Deje-

447 3701 528 3770 uire,
541 3701 578 3788 de
590 3702 796 3771 lucarnanie,
810 3705 927 3762 contrde
940 3703 977 3761 de
989 3705 1107 3780 l’Epire.

490 3821 504 3850 ⁸
524 3817 576 3871 Est
586 3817 744 3886 dilemma,
758 3831 954 3894 argumentum
966 3819 998 3875 in
1008 3839 1065 3894 quo
1078 3832 1171 3876 utrum
1184 3821 1362 3892 conceditur,
1375 3839 1480 3895 reprc-

445 3907 588 3967 tenditur.

488 4017 502 4058 ³
527 4025 612 4082 Tales
625 4026 868 4099 enimflmiorum
879 4029 945 4088 Diis
957 4030 1147 4089 aun'buumur
1158 4041 1262 4088 vestes.
