3230 5348
468 585 538 686 194
583 597 664 654 cas
692 566 1383 665 acra-nonanosesuovma,

463 749 693 844 Auxilioque
707 745 809 839 juva.
827 741 1017 835 Lacrymae
1035 751 1124 812 sunt
1137 743 1252 816 verba
1267 754 1414 816 secuta.

462 883 550 956 Visa
565 883 643 954 Dea
658 887 713 950 est
728 871 889 950 movisse
905 896 1008 966 suas,
1025 883 1062 942 et
1075 884 1261 968 moverat,
1276 899 1369 947 aras.

460 1015 508 1089 Et
522 1009 653 1108 templi
668 998 856 1110 tremuere
872 1001 988 1099 fores,
1007 1001 1226 1100 imitataque
1241 1005 1390 1080 Lunam

460 1143 611 1217 Cornua
625 1134 832 1227 fulserunt3
850 1129 1071 1227 crepuitque
1087 1131 1253 1205 sonabile
1268 1129 1436 1205 sistrum.

459 1271 543 1347 Non
558 1291 686 1340 secura
700 1261 873 1360 quidem,
888 1259 1010 1332 fausto
1026 1271 1151 1332 tamen
1165 1263 1293 1336 omine
1308 1245 1409 1356 laeta,

458 1404 577 1478 Mater
591 1396 669 1472 abit
681 1395 833 1492 templo.
850 1393 1029 1489 Sequitur
1043 1417 1165 1465 comes
1178 1391 1283 1490 Iphis
1297 1405 1470 1487 euntem,

459 1529 583 1616 Quam
598 1525 704 1599 solita
716 1535 787 1620 est,
804 1523 943 1617 majore
955 1519 1071 1616 gradu
1088 1547 1096 1594 ε
1112 1545 1181 1592 nec
1198 1518 1338 1593 candor
1350 1520 1393 1592 in
1407 1544 1475 1591 ore

456 1659 671 1750 Permanet,
689 1662 725 1725 et
737 1653 838 1725 vires
855 1661 1058 1748 augentur,
1074 1663 1112 1724 et
1126 1651 1407 1747 ac1i0ripseest
1423 1655 1434 1686 ²

457 1790 594 1863 Vultus
612 1816 619 1860 :
635 1797 672 1859 et
688 1783 862 1856 incomtis
877 1781 1031 1856 brevior
1046 1808 1224 1856 mensura
1239 1781 1393 1878 capillis.

457 1918 620 2014 Plusque
629 1912 768 2011 vigoris
781 1911 899 2008 adest,
912 1910 1048 1985 habuit
1057 1911 1172 2008 quam
1184 1911 1352 1988 foemina.
1366 1913 1468 2007 Jam,
1484 1933 1561 2007 qua

457 2045 627 2121 Foemina
640 2067 764 2138 nuper
777 2065 874 2135 eras,
890 2065 985 2136 puer
997 2065 1047 2114 es.
1063 2040 1157 2113 Date
1169 2065 1328 2112 munera
1339 2038 1489 2135 templis
1502 2066 1511 2138 ς

456 2175 532 2251 Nec
548 2170 681 2246 timida
697 2167 850 2266 gaudete
866 2167 951 2240 fide.
965 2168 1068 2241 Dant
1084 2193 1243 2242 munera
1258 2165 1419 2264 templis.

458 2305 615 2380 Addunt
627 2313 664 2375 et
674 2301 832 2374 titulum
850 2328 858 2373 :
873 2299 1007 2371 titulus
1021 2289 1136 2373 breve
1148 2326 1298 2374 carmen
1311 2299 1493 2372 habebat:

456 2433 566 2514 Dona
581 2455 676 2528 puer
692 2427 822 2523 solvit,
838 2453 922 2525 quae
939 2426 1096 2502 foemina
1110 2443 1283 2526 voverat,
1299 2428 1405 2526 Iphis
1418 2435 1445 2502 ⁸.

506 2560 654 2634 Postera
667 2556 739 2629 lux
754 2555 867 2628 radiis
882 2554 1001 2627 latum
1017 2555 1235 2653 patefecerat
1250 2559 1398 2652 orbem,

457 2689 554 2764 Ciun
563 2687 692 2760 Venus
706 2697 742 2758 et
753 2687 873 2783 Iuno,
889 2685 1079 2782 sociosque
1091 2687 1320 2784 Hymenaeus
1333 2685 1379 2758 ad
1394 2685 1496 2784 ignee

458 2815 718 2910 Conveniunt3
737 2814 955 2912 potiturque
970 2815 1038 2888 sui
1052 2842 1149 2913 puer
1164 2815 1269 2914 Iphis
1285 2815 1431 2890 Ianthe.

504 3019 513 3048 ¹
538 3012 621 3080 Getta
639 3009 874 3084 metamorphoae
896 3021 940 3067 est
960 3009 1058 3086 peinte
1080 3029 1150 3069 avec
1169 3011 1220 3069 dea
1238 3011 1322 3069 traits
1340 3010 1434 3086 pleins
1452 3011 1489 3068 d·

459 3109 622 3192 precincti,
637 3121 665 3166 et
678 3107 782 3167 choiaia
792 3129 864 3168 avec
877 3129 919 3168 un
931 3111 1004 3186 gout
1017 3111 1130 3188 exquir.
1222 3157 1225 3162 .
1467 3105 1471 3114 ’

502 3219 515 3246 ·
539 3213 621 3267 Cette
634 3209 806 3285 inscription
820 3211 919 3267 votiva
935 3221 978 3266 est
994 3210 1198 3285 remarquable
1211 3227 1267 3284 par
1280 3227 1311 3266 sa
1326 3208 1487 3266 concision.

460 3315 486 3374 11
507 3309 637 3370 semblait
659 3309 825 3384 impossible
841 3309 878 3368 de
898 3312 925 3368 la
947 3309 1054 3368 rendre
1072 3328 1144 3368 arec
1164 3311 1316 3386 elegeam,
1336 3311 1430 3366 meme
1451 3329 1489 3370 en

461 3429 558 3488 prose.
580 3409 619 3462 Le
634 3405 804 3465 traducteur
819 3425 837 3464 a
851 3408 904 3464 tait
917 3407 954 3466 da
972 3427 1027 3464 aon
1039 3407 1136 3466 mieux
1149 3428 1228 3484 pour
1241 3429 1277 3466 cn
1290 3429 1447 3469 conserver
1460 3412 1490 3475 la

462 3505 624 3578 touruure,
638 3506 748 3584 malgre
759 3508 787 3564 la
795 3509 871 3585 gene
880 3507 917 3566 de
930 3509 958 3565 la
972 3507 1044 3566 rime
1056 3520 1086 3566 et
1097 3508 1135 3566 de
1147 3511 1175 3566 la
1186 3527 1313 3568 mesura.
