3230 5348
430 654 501 729 190
542 643 625 700 uns
654 613 1093 698 ntruuoaraosrs
1123 639 1354 720 novius,

428 788 572 864 Vellem
587 785 693 860 nulla
704 781 837 858 forem,
852 781 908 856 Ne
921 807 1001 855 non
1016 793 1143 857 tamen
1156 787 1286 860 omnia
1300 788 1408 862 Crete

428 921 596 996 Monstra
611 915 724 1012 ferat,
740 927 894 991 taurum
908 911 1044 986 dilexit
1056 911 1134 986 filia
1150 915 1244 988 Solis
1261 943 1269 989 ε

426 1051 600 1130 Foemina
615 1072 751 1146 nempe
767 1069 922 1120 marem.
937 1041 1046 1118 Mens
1063 1055 1118 1118 est
1133 1043 1314 1118 furiosior
1327 1044 1411 1141 illo,

429 1181 471 1256 Si
484 1207 619 1256 verum
635 1177 876 1278 profitemur,
892 1199 1010 1249 amor.
1025 1172 1169 1248 Tamen
1184 1174 1249 1246 illa
1264 1185 1388 1246 secuta
1403 1184 1463 1246 est

429 1311 543 1409 Spem
556 1307 714 1384 Veneris
731 1335 739 1380 ε
754 1317 881 1380 tamen
897 1305 961 1378 illa
972 1304 1089 1400 dolis,
1105 1317 1142 1378 et
1154 1305 1315 1403 imagine
1328 1327 1475 1400 vaocae,

429 1441 540 1515 Passa
553 1441 690 1512 bovem
704 1447 759 1510 est
775 1463 783 1508 :
800 1445 838 1508 et
853 1446 948 1532 erat,
964 1433 1032 1531 qui
1047 1433 1300 1533 deciperetur,
1314 1433 1478 1508 adulter.

430 1571 519 1648 Huc
533 1572 623 1647 licet
637 1597 657 1644 o
670 1581 749 1644 toto
763 1567 912 1640 solertia
928 1567 1094 1640 confluat
1110 1567 1220 1663 orbe,

431 1699 516 1797 lpse
532 1701 618 1773 licet
632 1699 775 1774 revolet
791 1697 921 1771 ceratis
937 1695 1112 1770 Daedalus
1128 1695 1215 1791 alis3

432 1823 537 1914 Quid
554 1825 688 1900 faciet?
702 1823 803 1898 Num
820 1849 880 1897 me
896 1849 1061 1920 puerum
1072 1822 1120 1897 de
1132 1823 1279 1920 virgine
1295 1820 1414 1895 doctis

431 1956 591 2032 'Artibus
603 1952 761 2028 officiet?
776 1977 872 2027 num
888 1965 925 2028 te
941 1955 1122 2050 mutabit,
1140 1953 1298 2028 Ianthe?

431 2089 539 2176 Quin
555 2087 726 2160 animum
739 2083 893 2160 firmas?
905 2099 1017 2184 teque
1030 2087 1110 2184 ipsa
1126 2085 1327 2182 recolligis,
1343 2081 1461 2182 Iphi?

431 2216 664 2314 Consiliique
678 2218 808 2314 inopes
824 2229 860 2290 et
875 2217 1007 2292 stultos
1023 2218 1167 2308 excutis
1184 2216 1310 2315 ignes?

434 2341 539 2430 Quid
557 2343 607 2416 sis
623 2355 728 2441 nata,
744 2341 833 2418 vide
849 2371 858 2418 ε
877 2343 952 2416 nisi
965 2356 1003 2417 te
1017 2369 1169 2440 quoque
1184 2342 1324 2440 decipis
1336 2343 1480 2440 ipsam:

433 2475 484 2550 Et
499 2487 583 2574 pete
597 2477 699 2574 quod
714 2476 768 2551 fas
781 2490 836 2551 ost
852 2507 860 2551 :
877 2489 914 2550 et
929 2504 1029 2573 ama,
1046 2477 1148 2575 quod
1165 2475 1322 2552 foemina
1335 2475 1461 2552 debes.
1540 2571 1545 2580 ¹

435 2605 526 2703 Spes
539 2619 595 2682 est
607 2634 694 2705 quae
707 2608 826 2705 capiat
843 2633 947 2704 :spes
965 2619 1019 2680 est
1031 2635 1117 2705 quse
1132 2620 1256 2706 paseat
1269 2633 1450 2684 amorem.

435 2734 542 2808 Hanc
554 2736 625 2809 tibi
637 2763 696 2810 res
712 2735 855 2810 adimit.
872 2737 957 2810 Non
974 2749 1010 2810 te
1026 2737 1295 2811 custodissem

436 2864 549 2944 Amet
560 2869 607 2941 ab
623 2867 821 2964 amplexu,
835 2895 905 2942 nec
921 2871 1021 2944 cauti
1033 2897 1124 2944 cura
1136 2873 1321 2969 magistri,

436 3001 530 3075 Non
538 3001 653 3100 patris
669 3001 856 3097 asperitas.
873 3003 958 3077 Non
975 3029 1013 3076 se
1029 3017 1137 3102 negat
1150 3004 1230 3101 ipsa
1244 3003 1408 3101 roganti,

438 3127 515 3206 Neo
529 3144 656 3204 tamen
670 3144 724 3205 est
739 3134 924 3231 potiunda
938 3135 1008 3210 tibi
1025 3165 1033 3210 :
1050 3161 1136 3233 nec,
1152 3148 1198 3209 ut
1213 3137 1340 3209 omnia
1355 3135 1469 3234 fiant,

438 3265 526 3340 Esse
542 3278 646 3363 potes
662 3265 773 3363 felix;
789 3279 833 3340 ut
845 3269 971 3365 Dique
983 3267 1231 3366 hominesque
1245 3268 1415 3342 laborent
1430 3277 1454 3346 ¹.

438 3389 550 3465 Nunc
564 3418 716 3489 quoque
731 3407 910 3470 votorum
922 3423 1007 3494 pars
1020 3425 1097 3472 una
1110 3411 1164 3472 est
1176 3423 1274 3472 vana
1287 3423 1460 3472 meorum
1481 3429 1490 3475 ι

438 3519 564 3617 Dique
580 3523 677 3596 mihi
694 3523 838 3621 faciles,
853 3526 1041 3623 quidquid
1056 3527 1226 3622 valudre,
1242 3526 1443 3600 dederunt.

437 3649 628 3760 Quodque
637 3679 715 3750 ego,
725 3656 974 3751 vultgenitor,
981 3655 1163 3752 vultipsa,
1174 3654 1539 3749 socerquefuturus:

487 3848 496 3878 ¹
519 3849 566 3904 On
585 3868 623 3904 ne
639 3860 712 3922 peut
731 3867 810 3905 assez
828 3847 956 3905 admirer
973 3849 1015 3905 les
1030 3867 1195 3906 ressourcss
1213 3849 1249 3904 de
1264 3846 1478 3923 l'imaginslion

443 3939 583 4012 doside,
602 3945 676 4002 dans
697 3957 764 4002 tout
784 3965 816 4001 ce
839 3945 911 4020 qn'il
929 3945 981 4001 fait
1001 3945 1064 4001 dire
1082 3947 1098 4002 i
1117 3945 1197 4021 lphis
1219 3943 1423 4020 d’iugdaieux,
1440 3943 1478 4002 ds

442 4041 598 4114 passienus
609 4085 618 4112 ,
630 4055 657 4100 et
671 4044 707 4102 dc
721 4045 873 4102 conforme
887 4044 904 4101 i
917 4061 948 4102 sa
962 4043 1113 4102 situation.
