3242 5348
454 539 524 618 146
570 559 656 615 css
685 528 1114 614 udrsuonruoses
1143 541 1371 616 novius,

453 705 525 780 Cui
539 705 675 780 referat
687 703 768 778 nati
780 713 929 777 testatos
941 697 1032 772 orbe
1045 694 1208 790 labores,
1256 751 1274 760 -

452 833 573 924 Cuive
586 859 672 907 suos
688 857 811 928 essue,
831 829 936 905 Iolen
949 826 1075 900 habet
1098 819 1270 896 Herculis
1283 819 1386 892 illam

454 962 644 1062 imperiis,
659 961 898 1057 thalamoque
911 957 1113 1051 animoque
1125 950 1312 1048 receperat
1324 945 1481 1044 Hyllus;

453 1090 707 1187 Impleratque
722 1101 876 1162 uterum
890 1107 1065 1182 generoso
1079 1079 1259 1178 germine.
1278 1075 1350 1148 Cui
1365 1074 1418 1146 sic

454 1220 594 1318 Incipit
605 1219 782 1293 Alcmene
798 1245 807 1290 ε
821 1211 1069 1290 raventun
1081 1208 1241 1283 numina
1254 1205 1404 1296 saltem,

454 1351 744 1449 Corripiantque
758 1373 898 1443 moras,
916 1357 1001 1417 tum
1014 1344 1103 1416 cum
1116 1353 1264 1414 mature
1277 1334 1426 1413 vocabis

453 1483 696 1582 Praepositam
709 1479 853 1555 timidis
866 1473 1101 1574 parientibus
1111 1469 1304 1567 Ilithyiam
1316 1500 1326 1564 3

457 1615 583 1703 Quam
595 1611 693 1686 mihi
706 1608 896 1682 difficilem
908 1603 1073 1680 lunonis
1088 1601 1204 1700 gratia
1217 1607 1228 1638 ¹
1243 1599 1342 1674 lecit.

458 1744 628 1838 Namque
639 1735 831 1812 laboriferi
844 1735 932 1809 ciam
944 1735 1022 1832 jam
1035 1730 1168 1806 natalis
1181 1728 1322 1804 adesset

448 1869 652 1964 Herculis,
671 1878 708 1940 et
720 1865 912 1938 decimum
927 1872 1164 1960 premeretur
1179 1857 1299 1932 sidere
1312 1853 1484 1952 signum:

458 1999 651 2074 Tendebat
661 1996 820 2095 gravitas
833 2007 987 2068 uterum
1001 1991 1099 2066 mihi
1118 2020 1125 2065 :
1142 1987 1320 2088 quodque
1333 1985 1516 2080 ferebam,

363 2151 367 2168 '
459 2121 627 2205 Tantum
641 2139 739 2228 erat,
757 2138 802 2200 ut
814 2151 939 2224 posses
952 2135 1143 2198 auctorem
1157 2122 1280 2195 dicere
1293 2118 1383 2193 tecti

459 2257 642 2332 Ponderis
659 2277 735 2330 esse
750 2258 896 2330 Jovem.
917 2255 994 2328 Nec
1005 2255 1082 2348 jum
1095 2253 1253 2326 tolerare
1269 2251 1412 2324 labores

462 2385 630 2459 Ulterius
639 2384 934 2482 poteramzquin
942 2380 1506 2479 nuncquoquesrigidusartus‚
1617 2469 1618 2474 Ἰ

461 2514 721 2612 Dumloquor,
730 2511 1003 2610 horrorhabet,
1014 2537 1173 2610 parsque
1185 2523 1239 2584 est
1247 2511 1462 2584 meminisse
1472 2509 1618 2587 doloris.

463 2645 614 2742 Septem
627 2671 692 2744 ego
705 2673 773 2744 per
784 2657 930 2742 noctes,
949 2645 1106 2720 totidem
1119 2645 1282 2718 cruciata
1293 2645 1444 2743 diebus,

466 2777 572 2852 Fessa
585 2776 713 2871 malis,
729 2774 962 2871 tendensque
975 2773 1021 2846 ad
1039 2775 1179 2848 coelum
1194 2771 1366 2868 brachia,
1381 2798 1518 2870 magno

465 2903 670 2998 Lucinam,
685 2901 878 2998 Nixosque
892 2909 905 2938 ¹
918 2926 1046 2998 pares,
1065 2899 1227 2973 clamore
1239 2900 1431 2974 vocabam.

466 3034 702 3131 lllaquidcm
714 3034 838 3130 venit,
858 3031 922 3107 sed
939 3045 1211 3131 praecorrupta,
1230 3057 1436 3130 meumque

466 3162 564 3248 ,Quae
578 3159 719 3233 donare
734 3172 847 3258 caput
858 3161 1003 3234 lunoni
1016 3161 1128 3234 vellet
1143 3159 1299 3256 iniquae.

468 3286 596 3384 thue
608 3313 710 3360 meos
723 3285 831 3360 audit
843 3289 1019 3384 gemitus,
1034 3287 1202 3362 subsedit
1214 3289 1257 3360 iu
1269 3287 1334 3361 illd

471 3413 571 3496 Ante
583 3410 681 3486 fores
697 3414 761 3487 ard
774 3442 781 3487 :
796 3414 1007 3512 dextroque
1020 3441 1042 3488 a
1054 3415 1195 3514 poplite
1211 3415 1353 3490 laevum

517 3585 528 3616 ¹
551 3575 690 3634 Gracesd
704 3579 816 3634 Junou.
836 3579 913 3636 C'est
927 3597 986 3636 une
996 3579 1207 3637 contre-veriti
1220 3578 1367 3656 irouique.
1385 3579 1426 3638 Le
1440 3593 1506 3652 mot

473 3693 561 3759 grace
576 3674 687 3750 signifie
700 3675 788 3732 haine
799 3677 873 3734 daus
887 3689 961 3733 cette
974 3690 1139 3734 rencontre.

520 3773 533 3802 ¹
555 3769 695 3826 C'ttuient
704 3770 755 3826 des
765 3770 944 3828 demi-dieux
955 3775 1110 3848 gemerem,
1120 3791 1320 3849 compagnons
1331 3771 1367 3830 de
1375 3773 1506 3844 Lucius,

477 3873 507 3930 ‚et
519 3882 578 3938 que
596 3865 639 3920 les
654 3865 774 3929 lemnes
792 3885 830 3930 eu
846 3867 957 3934 conche
976 3866 1162 3946 imploraieut
1178 3887 1249 3928 avec
1268 3869 1331 3927 elle.
1347 3871 1449 3947 voyre
1464 3871 1509 3940 les

479 3957 674 4036 Remurques·
