3196 5346
445 593 515 664 170
562 587 647 644 Lns
677 561 1114 642 nimnonrnosus
1143 587 1371 666 memor,

442 729 589 804 Viderit
605 759 613 803 ε
629 731 798 824 insanos,
817 728 962 826 inquit,
980 727 1165 803 fateamur
1181 758 1336 806 amores.

441 859 515 934 Hei
523 861 621 934 mihi
634 865 641 936 !
654 864 730 958 qub
744 861 873 934 labor?
886 866 1000 957 q'uem
1013 887 1120 934 mens
1134 889 1217 936 mes
1230 863 1396 962 concipit
1408 865 1562 964 ignem?

439 989 488 1062 Et
500 989 676 1064 meditata
689 1017 805 1066 manu
821 988 1015 1087 componit
1026 991 1144 1064 verba
1155 991 1344 1066 trementi.

438 1124 582 1195 Dextra
597 1133 700 1195 tcn'et
716 1121 880 1214 ferrum,
899 1145 1058 1194 vacuam
1072 1132 1175 1194 tenet
1188 1122 1303 1196 altera
1318 1150 1465 1202 ceram:

438 1259 596 1354 Incipit,
612 1270 649 1330 et
660 1257 811 1330 dubitat
827 1287 834 1331 :
851 1257 998 1352 scribit,
1015 1255 1244 1354 damnatque
1260 1259 1434 1356 tabellas3

437 1387 486 1459 Et
498 1395 620 1479 notat,
640 1395 677 1455 et
691 1383 812 1456 delet:
827 1395 968 1479 mutat,
988 1384 1210 1481 culpatque,
1227 1387 1460 1484 probetque:

436 1515 559 1611 Inque
572 1515 694 1588 vicem
708 1528 875 1612 sumptas
889 1514 1018 1610 ponit,
1035 1515 1248 1612 positusque
1264 1517 1438 1592 resumit.

438 1646 541 1734 Quid
555 1646 668 1742 velit,
686 1647 833 1744 ignoret
849 1674 857 1720 :
873 1643 1056 1742 quicquid
1071 1644 1215 1722 iectura
1230 1644 1401 1744 videtur,
1532 1619 1538 1628 Ι

435 1778 617 1876 Displicet
634 1807 641 1852 :
657 1779 699 1852 in
713 1780 825 1854 vultu
841 1789 897 1852 cst
909 1778 1064 1852 audacia
1077 1779 1199 1852 mixta
1212 1777 1365 1876 pudori.

436 1914 582 2012 Scripta
598 1913 711 2016 Soror
723 1911 847 1987 fiierat
863 1943 871 1987 ε
888 1917 1017 1987 visum
1032 1926 1086 1986 est
1098 1913 1221 1986 delere
1235 1914 1431 2010 Sororem,
1586 1991 1587 2008 ,

357 2057 359 2064 “
436 2047 635 2145 Verbaque
650 2048 826 2120 correctis
841 2047 1010 2122 incidere
1021 2047 1110 2121 talia
1122 2047 1229 2122 ceris.

484 2177 607 2264 Quam
617 2235 627 2268 ,
638 2177 714 2252 nisi
728 2189 771 2250 tu
784 2176 954 2275 dederis,
971 2203 1051 2250 non
1064 2191 1119 2251 est
1130 2178 1308 2252 habiture
1321 2179 1482 2254 salutem
1500 2187 1532 2276 ¹,
1586 2249 1587 2280 ,

433 2305 1050 2404 Hanctibimittitamans:pudet,
1066 2305 1135 2380 eh!
1147 2305 1382 2404 purletedere
1390 2312 1552 2387 nomen!

432 2439 500 2534 Et,
516 2438 548 2510 si
562 2429 655 2534 quid
669 2437 842 2534 cupiam,
859 2435 1017 2532 quaeris3
1031 2435 1113 2508 sine
1124 2435 1282 2510 nomine
1294 2433 1434 2510 vellem

432 2566 557 2640 Posset
570 2568 627 2665 agi
641 2593 723 2641 mea
735 2593 845 2640 causa
858 2592 943 2639 meo
962 2595 970 2640 :
986 2593 1056 2640 nec
1070 2567 1216 2664 cognita
1228 2565 1357 2663 Byblis

358 2669 362 2677 .
432 2697 532 2770 Ante
545 2695 686 2793 forem,
702 2695 817 2792 quim
834 2721 917 2794 spes
931 2699 1110 2771 votorum
1128 2707 1228 2770 certa
1242 2695 1386 2771 luisset.

300 2811 302 2818 ¹
432 2829 520 2901 Esse
534 2827 690 2923 quidem
707 2827 787 2901 laesi
803 2840 978 2925 poterant
992 2827 1063 2901 tibi
1076 2830 1237 2926 pectoris
1250 2826 1388 2923 index,

431 2954 479 3026 Et
492 2953 611 3051 color,
628 2967 665 3028 et
678 2957 831 3052 macies,
850 2967 887 3030 et
900 2951 1053 3055 tultus,
1069 2971 1106 3032 et
1117 2957 1280 3034 humida
1293 2985 1389 3056 saepe

431 3081 617 3178 Lumina,
637 3109 707 3156 nec
723 3087 833 3158 causi
846 3067 1008 3185 suspiria
1023 3101 1126 3162 mota
1137 3088 1299 3185 patenti,

432 3215 479 3288 Et
493 3217 615 3290 crebri
628 3219 843 3318 amplexus3
859 3235 897 3296 et
910 3249 1012 3321 quse,
1030 3225 1063 3298 si
1079 3223 1174 3297 forte
1188 3221 1342 3316 notasti,

431 3347 569 3421 Oscula
582 3350 714 3424 sentiri
732 3377 810 3426 non
826 3379 903 3430 esse
918 3355 1062 3428 sororia
1076 3365 1239 3452 possent.

481 3478 563 3574 lpse
577 3491 723 3578 tamen,
740 3483 916 3579 quamvis
929 3483 1057 3556 animo
1067 3507 1178 3580 grave
1191 3481 1333 3555 vulnus
1346 3477 1553 3577 habebam,

432 3605 617 3690 Quamvis
633 3609 738 3682 intus
752 3625 830 3684 crat
845 3611 954 3685 furor
967 3612 1117 3709 igneus,
1134 3609 1263 3684 omnia
1274 3607 1363 3702 feci,

477 3805 485 3833 ¹
510 3804 714 3882 L'equivoque
736 3826 794 3884 que
813 3807 958 3866 renferme
978 3811 1100 3864 salntem
1110 3850 1121 3878 ‚
1140 3819 1184 3864 est
1202 3825 1244 3864 un
1261 3805 1331 3862 trait
1348 3803 1474 3880 d'esprit

431 3899 485 3974 qui
503 3921 532 3958 se
551 3912 658 3961 trouve
676 3905 821 3980 remplace
838 3907 911 3968 dens
928 3907 956 3964 le
974 3904 1093 3964 version
1107 3923 1164 3981 par
1179 3924 1223 3962 un
1237 3903 1307 3960 trait
1325 3901 1362 3990 tle
1378 3902 1474 3960 senti-
1505 3980 1509 4012 Ι

433 4012 523 4056 ment.
