3248 5336
419 633 490 712 562
535 591 621 708 nus
650 622 1092 706 ul'rnuouruosns
1123 649 1354 730 n’ovrns,

420 797 507 872 Non
519 797 641 923 placet
653 823 757 871 arma
771 794 871 872 mihi
886 807 1017 872 contre
1032 823 1134 873 nova
1147 813 1317 878 monstra
1329 806 1508 880 moveri:

417 939 571 1015 Numen
582 933 818 1010 adorandum
834 933 952 1030 pelugi
966 945 1033 1008 est.
1048 933 1140 1010 Erat
1150 933 1270 1012 errlue
1284 938 1427 1035 turris;

418 1071 516 1150 Arce
529 1069 634 1148 focus
651 1079 660 1110 ¹
676 1069 824 1144 summi
841 1097 849 1142 :
865 1067 970 1142 fessis
982 1068 1063 1144 loce
1078 1081 1179 1168 grute
1190 1071 1342 1146 cerinis.

419 1209 641 1284 Ascendunt
655 1209 765 1306 illuc,
781 1220 990 1308 cuntosque
1004 1209 1047 1282 in
1061 1209 1173 1284 litore
1185 1225 1313 1284 tauros

419 1341 518 1418 Cum
532 1341 675 1440 gemitu
686 1342 894 1440 aspiciunt,
908 1354 1209 1440 vastatoremque
1221 1353 1380 1416 cruento

419 1476 498 1552 Ore
510 1475 653 1576 lerum,
668 1477 798 1576 longos
814 1477 1000 1553 infectum
1015 1481 1197 1578 sanguine
1212 1479 1337 1554 villos.

419 1613 514 1690 Inde
525 1640 661 1690 manus
674 1617 833 1691 tendens
849 1617 892 1690 in
909 1619 1029 1714 aperti
1040 1617 1152 1692 litore
1166 1613 1295 1714 ponti,

419 1752 626 1827 Caeruleam
639 1751 772 1826 Peleus
787 1749 1034 1848 Psamathen,
1048 1761 1094 1824 ut
1104 1747 1214 1822 finiat
1228 1748 1344 1841 irem,

419 1885 532 1980 Oret;
550 1911 736 1984 opemque
750 1883 846 1958 ferat
862 1912 871 1958 :
886 1909 957 1958 nec
969 1885 1127 1960 vocibus
1142 1881 1208 1957 ille
1223 1881 1386 1980 rogantis

419 2015 602 2090 Flectitur
613 2013 791 2089 AEecidoe.
805 2013 938 2088 Thetis
951 2013 1051 2088 hane
1065 2039 1136 2113 pro
1152 2015 1310 2113 conjuge
1321 2012 1483 2112 supplex

420 2147 575 2247 Accepit
588 2149 744 2224 venium
762 2176 769 2222 :
783 2147 848 2222 sed
862 2149 967 2224 enim
979 2149 1212 2223 irrevocatus
1226 2149 1273 2221 ab
1285 2147 1363 2220 aeri

419 2280 529 2356 cede
542 2282 657 2380 lupus
673 2294 831 2380 perstat,
846 2281 1048 2358 dulcedine
1061 2282 1255 2382 sanguinis
1270 2307 1397 2382 asper3

420 2419 551 2492 Donec
565 2417 820 2494 inhaerentem
833 2417 965 2492 lacerae
980 2417 1127 2491 cervice
1141 2418 1314 2512 juvence

419 2549 607 2626 Marmore
621 2551 798 2626 mutavit.
815 2551 981 2648 Corpus,
997 2560 1211 2649 praeterque
1224 2547 1405 2639 colorem,

417 2685 560 2760 Omnia
570 2685 757 2782 servavit3
770 2683 906 2784 lapidis
919 2683 1022 2758 color
1035 2682 1196 2781 indicet,
1212 2681 1325 2756 illum

419 2814 503 2890 Jam
518 2841 597 2892 uon
610 2842 688 2894 esse
700 2817 857 2917 lupum,
872 2820 949 2915 jem
962 2843 1043 2892 non
1055 2816 1192 2892 debere
1205 2813 1346 2889 limeri.

468 2951 545 3026 Nec
557 2965 685 3030 temen
700 2952 771 3028 hee
782 2953 988 3054 profugum
1000 2951 1203 3028 consistere
1216 2949 1326 3024 Pelea
1338 2948 1438 3022 terni

420 3085 508 3162 Fatu
520 3088 654 3166 sinunt
669 3120 677 3166 ε
691 3089 881 3188 Magnetes
892 3089 973 3164 adit
985 3113 1101 3187 vagus
1113 3083 1240 3180 exsul,
1257 3094 1294 3158 et
1306 3082 1384 3156 illic

419 3218 545 3295 Sumit
558 3223 605 3298 ab
617 3223 817 3298 Haemonio
830 3221 1053 3326 purgamina
1068 3217 1180 3294 caedis
1201 3217 1330 3292 Acasto
1343 3221 1370 3289 ⁸.

467 3440 476 3468 ¹
501 3438 541 3496 Le
558 3425 647 3516 poete
664 3441 784 3521 designe
802 3461 845 3498 uu
857 3442 971 3518 phare,
991 3459 1035 3498 ou
1050 3437 1130 3496 lanai
1152 3435 1261 3493 suune
1279 3451 1320 3490 au
1338 3437 1463 3489 seminet

422 3539 462 3600 de
479 3553 552 3601 cette
566 3554 656 3618 tour,
670 3565 751 3624 pour
768 3546 863 3606 servir
882 3545 956 3606 drus
972 3545 1002 3602 ln
1019 3545 1086 3604 uuit
1102 3541 1140 3600 de
1155 3539 1248 3616 signal
1264 3555 1325 3596 aux
1339 3533 1463 3612 nuris·-

423 3651 516 3701 leurs.

467 3749 480 3777 ¹
499 3748 604 3807 Aceste
623 3751 694 3808 όῑιίῑ
710 3769 751 3808 un
766 3750 866 3825 pretre
879 3747 922 3806 du
938 3747 1045 3824 temple
1062 3744 1227 3816 d’Fleusis,
1240 3739 1393 3799 renomme
1406 3752 1462 3811 pur

424 3843 455 3902 la
468 3847 646 3905 celebratior
658 3847 710 3906 des
727 3847 871 3924 mystis-es
888 3847 1074 3924 expistoires.
1094 3847 1175 3904 eeux
1190 3842 1244 3918 qui
1257 3839 1366 3899 etaient
1377 3851 1465 3912 reem

428 3943 506 4006 sices
520 3951 684 4025 expiatione
701 3969 731 4010 se
747 3950 928 4010 rummiens
946 3949 1061 4020 initiis,
1079 3943 1259 4008 c'est-idire
1277 3940 1366 4020 qu'ils
1380 3955 1465 3998 rom-

425 4050 589 4128 menprient
602 4071 661 4112 une
674 4052 814 4112 nouvelle
826 4051 885 4110 rie.

1608 1163 1610 1232 l

1608 1237 1610 1322 l
