3178 5312
420 553 490 643 278
533 565 618 622 cns
646 533 1084 618 ntrnnonnnosns
1112 551 1346 630 monins,

416 720 477 795 ttil
491 741 586 814 opus
597 727 670 809 est,
686 709 874 802 Atalanta,
889 705 977 798 tibi,
992 704 1077 801 luge
1089 707 1260 802 conjugis
1272 733 1399 782 usum.
1470 797 1478 806 .

414 851 490 924 Nec
505 861 626 920 tamen
641 842 809 938 effugies,
824 851 936 933 teque
950 835 1030 932 ipsa
1042 835 1133 906 viva
1145 835 1303 908 carebis.

463 975 611 1048 Tenita
628 984 724 1044 sorte
739 969 808 1042 Dei
822 993 889 1064 per
905 991 1036 1062 opacus
1052 966 1200 1038 innuba
1214 967 1331 1040 silvas

416 1105 544 1200 Vivit,
562 1117 599 1176 et
616 1105 818 1174 instantem
833 1097 984 1170 turbam
997 1097 1162 1172 sioleuta
1178 1125 1383 1196 procorum

417 1237 641 1312 Conditionc
652 1235 756 1330 fugat
770 1261 778 1304 ε
794 1232 870 1304 Nec
882 1255 967 1302 sum
978 1228 1180 1326 potiunda,
1195 1231 1291 1330 nisi,
1309 1230 1456 1328 iuquit,

416 1367 522 1439 l'icta
536 1365 643 1462 prius
658 1387 772 1435 mrsu
790 1359 973 1456 :pedibus
986 1359 1201 1434 contendite
1216 1387 1382 1436 meeum.

418 1500 575 1572 Praemia
592 1495 711 1569 veloci
727 1495 870 1588 conjux
884 1491 1117 1590 thalamique
1131 1493 1347 1593 dabuntur,

415 1633 517 1708 Mors
532 1634 697 1730 pretium
714 1628 842 1703 taldis.
862 1629 914 1700 Fa
926 1629 989 1701 lex
1001 1629 1217 1702 certaminis
1228 1643 1321 1704 esto.

417 1765 484 1838 Illa
500 1762 653 1860 quidem
670 1758 846 1833 immitis:
861 1755 945 1850 sod,
959 1767 1061 1830 tauta
1072 1757 1241 1853 potentia
1255 1765 1265 1794 ¹
1280 1757 1412 1832 formae
1426 1760 1494 1830 cet!

417 1891 531 1966 Venit
543 1891 589 1964 ad
605 1889 703 1962 hanc
715 1890 831 1985 legem
844 1889 1042 1960 temeraria
1054 1889 1166 1960 turba
1177 1913 1395 1986 procorum.

465 2024 615 2097 sedern
632 2021 886 2118 Hippomenes
901 2017 1034 2092 cursus
1050 2031 1233 2116 spectator
1248 2021 1394 2117 iniqui;

417 2157 465 2230 Et
478 2164 510 2251 ¹,
528 2155 675 2230 Petitur
690 2153 868 2250 cuiquam
885 2179 953 2249 pcr
967 2165 1071 2224 tauta
1083 2151 1253 2250 pericula
1266 2155 1429 2248 conjux!

415 2285 574 2360 Dixctat
591 2312 599 2358 ι
614 2309 657 2357 ac
673 2283 810 2358 nimios
825 2285 1014 2375 juvenum
1029 2279 1227 2355 damnarat
1240 2307 1400 2358 amoroe.

416 2413 469 2489 Ut
486 2413 635 2509 facicm,
654 2427 692 2488 et
704 2413 825 2510 posito
841 2437 977 2508 corpus
993 2412 1180 2486 velamine
1195 2411 1314 2510 vidit,

417 2543 537 2633 Quale
550 2570 699 2639 mcum,
717 2543 777 2616 vcl
792 2541 902 2638 quale
918 2551 1031 2614 tuum
1045 2539 1079 2636 ³,
1097 2543 1131 2614 si
1145 2539 1305 2616 foemiua
1316 2541 1403 2638 fias;

417 2673 625 2770 Obstupuit
641 2702 650 2746 ε
667 2673 874 2769 tollensque
890 2696 1045 2766 manus,
1059 2670 1261 2768 Ignoscite,
1275 2671 1395 2770 dixit,

416 2803 522 2891 Quos
534 2804 649 2878 modo
661 2802 812 2900 culpavi
829 2799 1023 2874 :nondum
1037 2799 1135 2874 mihi
1148 2802 1304 2899 praemia
1321 2817 1429 2902 uota,

417 2934 515 3022 Quae
528 2931 720 3032 peteretis,
740 2944 858 3007 erant.
877 2931 1083 3006 Laudando
1096 2933 1259 3032 concipit
1271 2935 1445 3034 iguem⁴3

460 3119 470 3150 ¹
495 3113 679 3172 &clamatio
693 3111 754 3186 qud
758 3131 915 3188 procorum
931 3115 1077 3172 temedtas
1088 3129 1252 3174 acuatur.

461 3222 474 3252 ⁸
496 3215 624 3288 Affectui
638 3226 665 3268 et
682 3215 875 3290 tndt'gnationi
889 3218 973 3272 servit
985 3217 1039 3272 itta
1047 3217 1197 3292 panicula
1211 3217 1260 3274 Et.
1277 3217 1453 3293 Indignatur

417 3319 492 3376 enim
504 3319 700 3392 Hippomenes
708 3315 787 3392 quod
795 3317 947 3394 quisquam
955 3337 987 3374 sc
995 3331 1075 3376 tanto
1080 3319 1210 3396 periculo
1219 3319 1453 3396 exponatgraeid

414 3415 559 3472 habenda*
573 3413 680 3468 uxoris.

457 3507 471 3546 ³
495 3511 575 3584 Quoi
589 3511 624 3568 tle
638 3511 706 3586 plus
722 3511 845 3568 airnable
860 3531 918 3588 que
931 3523 1004 3570 cette
1018 3513 1241 3589 comparaison,
1254 3514 1309 3591 qui
1321 3516 1451 3590 exprime

301 3672 306 3701 1
415 3611 439 3670 si
451 3611 518 3670 bien
533 3625 561 3670 et
573 3613 601 3669 la
614 3613 732 3690 passion
747 3613 784 3670 de
795 3615 912 3682 Venus,
927 3625 956 3670 et
968 3615 997 3670 la
1010 3613 1116 3672 beamt
1134 3614 1177 3672 du
1192 3614 1331 3672 uhmsem
1345 3614 1451 3691 qu'elle

415 3711 506 3770 adora
517 3714 525 3768 Ι

456 3805 471 3852 4
487 3810 568 3866 Cette
578 3811 683 3884 pentec
694 3809 716 3866 si
725 3810 844 3868 delicate
855 3821 967 3869 estune
978 3812 1146 3888 expression
1154 3809 1234 3869 mie
1242 3810 1279 3869 de
1287 3811 1316 3868 la
1322 3811 1451 3887 passion.

417 3907 461 3962 En
479 3905 584 3964 louant
602 3908 630 3965 la
650 3907 755 3964 beaute
772 3909 865 3984 qu’on
882 3909 1015 3982 adrnirc,
1035 3911 1247 3992 l’imegluatiou
1266 3911 1384 3971 s'exclte
1393 3952 1403 3980 ‚
1423 3921 1452 3966 et

417 4003 554 4064 l'illusiou
565 4003 603 4064 dc
615 4005 741 4066 l'amour
754 4007 943 4085 s'augmcnte.
