3252 5348
423 586 472 660 ts
539 599 624 654 ans
653 567 1094 650 udrauonrnosus
1122 595 1353 679 n’ovmr,

419 745 549 839 coepta
565 751 698 838 quater
712 735 849 811 tenuit.
865 736 1040 834 Pugnant
1056 750 1458 847 mate1quesouorque
1477 774 1492 823 ε·

419 871 467 944 In
480 869 631 943 diversa
645 863 805 939 trahunt
819 889 946 938 unum
961 864 1041 938 duo
1055 867 1212 942 nomina
1228 885 1371 968 pectus,

418 1004 525 1099 Saepe
540 1011 645 1075 metu
661 996 808 1070 sceleris
822 995 1011 1093 pallebant
1026 1023 1092 1070 ora
1107 997 1232 1072 futuri
1250 1010 1257 1038 ¹
1274 1031 1282 1075 :

419 1135 530 1232 Saepe
547 1155 662 1206 suum
678 1128 829 1202 fervens
844 1125 963 1200 oculis
976 1126 1087 1200 dabat
1101 1128 1158 1202 ira
1173 1133 1366 1210 ruborem.

416 1265 468 1342 Et
483 1262 597 1338 modu
613 1259 739 1334 nescio
751 1256 845 1355 quid
860 1256 993 1330 similis
1009 1257 1160 1331 crudele
1173 1261 1336 1334 minanti

418 1392 560 1468 Vultus
575 1401 655 1464 erat
663 1421 674 1487 ;
688 1385 803 1464 modi>
815 1413 930 1485 quem
944 1388 1116 1462 misereri
1129 1391 1279 1466 credere
1294 1416 1433 1490 posses.

417 1522 594 1618 Ciunque
606 1517 709 1592 fenis
724 1517 906 1614 lacrymas
922 1517 1042 1590 animi
1054 1519 1256 1594 siccaverat
1267 1521 1397 1620 ardor,

417 1648 718 1728 Inveniebantur
730 1647 905 1744 lacrymae
920 1659 1059 1723 tamen.
1077 1649 1203 1747 thue
1220 1651 1364 1748 carina,

418 1783 545 1870 Quam
559 1791 716 1876 ventus,
731 1790 922 1876 ventoque
934 1781 1033 1878 rapit
1045 1783 1257 1856 contrarius
1273 1797 1405 1880 aestus,

415 1912 507 1987 Vim
520 1911 707 2010 geminam
722 1908 855 2007 sentit,
871 1923 1049 2008 paretque
1062 1914 1204 1986 incerta
1219 1914 1387 2013 duobus,

415 2044 589 2122 Thestias
604 2054 670 2115 aut
682 2039 790 2114 aliter
802 2041 930 2114 dubiis
942 2041 1134 2116 affectibus
1148 2057 1264 2140 errat,

416 2180 541 2275 Inque
556 2175 680 2248 vicem
692 2171 821 2271 ponit,
836 2159 1070 2272 positamque
1082 2179 1275 2251 resuscitat
1291 2177 1401 2254 iram

466 2307 607 2404 Incipit
623 2329 699 2379 esse
715 2317 843 2377 tamen
858 2305 992 2379 melior
1007 2333 1180 2404 gemens
1195 2319 1367 2405 parente3

416 2443 482 2538 Et,
498 2439 789 2536 consanguineas
802 2447 847 2509 ut
862 2438 1042 2535 sanguine
1058 2438 1173 2511 leniet
1187 2441 1359 2535 umbras,

414 2573 611 2671 Impietate
627 2571 689 2668 pia
703 2581 769 2644 est.
785 2571 880 2644 Nam
896 2581 980 2668 post
993 2571 1107 2668 quam
1122 2569 1275 2668 pestifer
1289 2571 1386 2668 ignis

415 2689 636 2796 Convaluit3
656 2700 780 2795 Rogus
797 2699 866 2771 iste
882 2711 1022 2774 cremet
1034 2727 1117 2774 mea
1130 2703 1291 2801 viscere,
1306 2701 1418 2777 dixit.

413 2831 542 2930 thue
558 2855 676 2904 manu
688 2827 773 2901 diret
789 2828 935 2925 lignum
949 2829 1056 2904 fatale
1070 2832 1236 2930 tenebat,

413 2963 512 3039 Ante
528 2960 749 3060 sepulcrales
766 2960 902 3034 infelix
916 2962 1032 3036 astitit
1044 2991 1125 3037 aras
1141 2994 1149 3038 :

413 3098 695 3191 Poenarumque
711 3095 799 3166 Deae
812 3094 998 3192 triplices,
1013 3096 1230 3193 furialibus,
1246 3097 1390 3194 inquit,

411 3222 660 3319 Eumenides,
675 3223 786 3296 sacris
801 3225 932 3297 vultus
945 3225 1129 3300 advertite
1141 3239 1297 3300 vestros.

411 3352 598 3447 Ulciscor,
612 3350 782 3448 facioque
795 3349 897 3424 nefas
914 3380 923 3425 ε
938 3379 1040 3426 mors
1054 3366 1175 3426 morte
1189 3353 1327 3449 pianda
1341 3365 1396 3428 est
1411 3383 1420 3428 :
1448 3439 1451 3452 Ι

410 3483 458 3557 In
474 3482 593 3555 scelus
608 3479 824 3554 addendum
837 3482 956 3555 scelus
969 3495 1045 3578 est,
1062 3483 1103 3555 in
1117 3482 1252 3556 funera
1268 3484 1398 3560 sunus.

409 3611 483 3686 Per
498 3619 729 3685 coacervatos
742 3622 869 3707 pereat
884 3609 1020 3683 domus
1033 3611 1150 3709 impia
1163 3611 1301 3685 luctus.

455 3823 464 3855 ¹
489 3821 566 3878 Belle
579 3821 767 3896 hypotypose
781 3821 833 3877 des
846 3840 1036 3878 mouvemens
1051 3821 1088 3877 de
1101 3841 1265 3897 rengeance
1280 3832 1310 3879 et
1322 3821 1359 3880 de
1372 3819 1443 3897 pittt

411 3919 465 3996 qui
481 3939 510 3975 se
525 3919 704 3976 combinent
718 3919 791 3975 dans
805 3920 831 3974 le
845 3939 927 3976 coeur
940 3919 1029 3976 d’une
1042 3919 1139 3988 mirre,
1153 3933 1182 3978 et
1195 3921 1269 3978 dont
1283 3922 1324 3978 les
1339 3939 1443 3998 symp-

410 4019 503 4078 tdmer
517 4037 546 4074 se
559 4017 697 4094 pugnent
710 4017 899 4075 torri-tour
913 4037 966 4076 sur
979 4035 1035 4077 sou
1047 4017 1155 4093 vissge.
