3230 5348
435 489 502 574 19⁵
547 487 630 544 cns
659 456 1096 542 uirnuoaruosns
1130 481 1357 562 novmn,

428 640 482 713 Aa
498 662 575 710 non
590 634 675 710 vult
689 634 850 728 Natura,
865 630 1055 729 potentior
1067 632 1246 706 omnibus
1261 633 1362 728 istis,

431 771 527 858 Quae
543 766 642 844 mihi
658 765 735 840 sola
747 776 869 839 nocet.
887 763 1001 838 Venit
1015 791 1097 838 ecce
1114 767 1277 840 notabile
1293 779 1462 862 tempus,
1518 765 1533 776 “

430 898 593 996 Luxque
608 894 739 994 jugalis
754 893 875 990 adest,
891 905 936 964 ut
950 894 1026 990 jam
1042 920 1125 966 mea
1140 893 1205 967 fiat
1220 895 1373 991 Ianthe,

429 1023 507 1100 Nec
522 1020 621 1098 mihi
637 1018 826 1115 continget
842 1045 850 1091 :
865 1017 999 1092 mediis
1014 1017 1184 1092 sitiemus
1200 1022 1242 1092 in
1255 1019 1384 1093 undis.

431 1153 608 1230 Pronuba
619 1151 711 1250 quid
722 1152 841 1247 luno,
853 1150 947 1248 quid
956 1151 1003 1224 ad
1012 1151 1112 1248 haec,
1121 1151 1344 1250 Hymenaee,
1353 1145 1496 1224 venitis

421 1281 565 1386 *Sacra'l
579 1281 718 1377 quibus
730 1277 800 1374 qui
812 1275 926 1350 ducat
936 1279 1057 1374 abest,
1071 1278 1140 1352 ubi
1153 1280 1335 1354 nubimus
1349 1284 1359 1314 ¹
1375 1277 1515 1350 anlbae.

479 1409 618 1485 Pressit
629 1410 676 1481 ab
688 1407 749 1480 his
763 1433 893 1480 voccm
910 1435 918 1480 ε
934 1433 1003 1479 nec
1020 1408 1145 1482 lenius
1157 1411 1272 1484 altera
1286 1411 1394 1506 virgo
1406 1413 1422 1446 ¹

428 1539 579 1616 'AEstuat
594 1568 603 1613 :
617 1550 736 1635 utque
748 1538 844 1610 celer
858 1537 1008 1634 venias,
1023 1539 1247 1639 Hymenaee,
1261 1547 1435 1638 precatur

431 1671 543 1760 Quod
551 1664 1552 1770 petithaec,Telethusatimens,modntemporadiffert:

431 1810 562 1903 Nunc,
576 1805 663 1878 ficto
675 1804 870 1901 languore,
886 1827 1031 1878 moram
1043 1801 1172 1878 trahit.
1189 1804 1327 1879 Omina
1340 1827 1455 1899 saepe,

431 1935 596 2034 Visaque
612 1946 797 2008 causatur.
816 1911 886 2006 sed
901 1936 977 2028 jam
990 1947 1269 2032 consumpserat
1283 1959 1437 2008 omnem

430 2068 628 2146 Materiam
642 2065 719 2140 ficti
737 2094 744 2138 :
761 2065 950 2161 dilataque
965 2076 1134 2162 tempora
1146 2063 1253 2141 taedae

428 2174 662 2288 Institerant,
678 2219 854 2290 unusque
867 2192 946 2266 dies
959 2195 1119 2268 restabat
1136 2224 1143 2268 :
1159 2209 1197 2270 at
1211 2195 1275 2270 illa
1348 2197 1353 2206 '

428 2323 617 2400 crinalem
633 2325 744 2422 capiti
761 2324 895 2398 vittam
912 2337 1084 2422 nataeque
1100 2326 1247 2423 sibique

429 2457 627 2534 Detrahit:
643 2469 697 2553 et,
712 2457 826 2554 passis
839 2483 942 2530 aram
959 2457 1153 2554 complexa
1165 2453 1325 2553 capillis,

429 2589 501 2686 Isi,
518 2589 790 2683 Puraetonium,
805 2589 1080 2686 Mareoticaque
1096 2616 1202 2685 aava,
1217 2587 1467 2688 Pharonque,

430 2717 526 2804 Quae
542 2716 652 2810 colis,
669 2726 707 2786 et
719 2726 861 2810 septem
876 2714 1061 2814 digestum
1078 2717 1121 2790 in
1138 2743 1279 2792 cornua
1294 2715 1445 2814 Nilum,

428 2845 517 2941 Fer,
531 2869 682 2941 precor,
698 2842 844 2940 inquit,
860 2873 970 2943 opem
984 2875 992 2919 :
1004 2859 1207 2944 nostroque
1220 2846 1369 2920 medere
1380 2847 1534 2925 timori.

429 2973 505 3068 Te,
521 2971 618 3068 Dea,
633 2983 671 3042 te
685 2971 895 3072 quondam,
911 2986 1051 3071 tuaque
1063 2975 1144 3048 haec
1157 2971 1317 3072 insignia
1329 2972 1413 3048 vidi
1430 3003 1438 3048 :

430 3105 650 3198 Cunctaque
663 3103 838 3201 cognovi,
854 3101 1099 3202 comitesque,
1114 3106 1302 3204 facesque,
1317 3132 1548 3204 sonumque

428 3231 635 3305 Sistrorum
653 3259 661 3305 ε
677 3233 913 3330 memorique
928 3235 1056 3307 animo
1070 3246 1135 3308 tua
1147 3238 1247 3333 jussa
1263 3237 1405 3310 notavi.

429 3359 542 3447 Quod
556 3360 660 3435 videt
671 3361 752 3435 haec
765 3363 913 3458 lucem,
925 3363 1026 3460 quod
1040 3390 1120 3438 non
1133 3391 1198 3462 ego
1210 3370 1350 3464 punior
1362 3365 1464 3461 ipsa,

428 3493 638 3568 Consilium
652 3493 918 3591 monitumque
930 3509 1044 3571 tuum
1058 3510 1113 3572 est
1128 3527 1136 3573 ς
1152 3499 1327 3573 miserere
1339 3495 1508 3572 duarum
1523 3559 1542 3600 ,

470 3708 480 3740 ¹
504 3707 620 3765 Nubere
622 3708 820 3781 foerninarnm
833 3713 1046 3787 estpropn'um.

472 3809 486 3838 ⁸
506 3805 589 3882 Iphis
607 3805 764 3876 dffdebat
781 3827 812 3863 sa
832 3811 891 3865 viri
903 3811 1001 3882 <fficio
1009 3812 1104 3886 fungi
1111 3831 1223 3887 posse:
1236 3811 1340 3870 lanae
1357 3811 1470 3870 contr&

415 3905 540 3978 fidebat
549 3922 580 3960 se
591 3923 712 3960 manem
723 3908 850 3964 :nullent
860 3909 968 3982 optime
980 3909 1131 3968 obituram.
