3226 5336
438 549 511 624 352
554 561 637 622 cns
667 535 1105 622 uirsuonrnosss
1137 565 1365 646 o’ovsos,

435 711 546 785 Nunc
559 711 829 810 praecedentem
842 711 1015 808 sequitur
1030 739 1039 784 ε
1054 736 1159 786 nunc
1172 715 1339 811 praevius
1350 717 1499 814 anteit,
1588 710 1592 725 '

436 843 727 944 Eurydicenque
739 869 847 920 suam
862 847 938 941 jam
950 845 1035 918 tuto
1049 846 1203 944 respicit
1216 847 1395 946 Orpheus
1412 855 1439 924 ¹.

482 977 568 1054 Non
582 979 740 1077 impune
754 990 880 1052 tamen
892 977 1012 1052 scelus
1023 976 1098 1050 hoc
1112 978 1204 1052 sinit
1219 1004 1298 1052 esse
1310 979 1449 1076 Lyaeus
1466 1005 1478 1054 :

435 1109 657 1208 Amissoque
674 1109 805 1182 dolens
818 1133 1011 1182 sacrorum
1026 1119 1110 1180 vate
1124 1133 1302 1202 suorum,

434 1245 613 1320 Protinus
628 1245 671 1317 in
688 1243 794 1316 silvis
810 1255 948 1318 matres
962 1241 1151 1316 Edonidas
1165 1267 1319 1340 omues,

434 1375 531 1462 Quos
547 1373 665 1448 secere
679 1371 801 1466 nefas,
816 1372 915 1446 tortd
930 1371 1055 1446 radice
1069 1371 1210 1470 ligavit.

434 1505 587 1601 Quippe
598 1502 739 1600 pedum
751 1501 904 1600 digitos,
914 1503 957 1576 in
969 1513 1158 1600 quantum
1172 1527 1334 1599 quaeque
1346 1514 1477 1576 secuta
1491 1519 1563 1601 est,

432 1632 587 1726 Traxit3
603 1632 694 1704 etin
708 1630 866 1706 solidam
879 1631 1041 1707 detrusit
1053 1635 1229 1706 acumine
1243 1646 1396 1708 terram.
1414 1689 1423 1698 -

432 1757 560 1854 thue
572 1784 685 1832 suurn
699 1758 859 1856 laqueis,
876 1785 971 1856 quos
986 1759 1143 1834 callidus
1156 1760 1303 1836 abdidit
1313 1789 1474 1861 auceps,

432 1887 528 1960 Cius
542 1889 610 1962 ubi
626 1889 814 1962 commisit
828 1889 1009 1986 volucris,
1026 1891 1217 1988 sensitque
1230 1896 1376 1988 teueri3

431 2015 627 2112 Plangitur
638 2041 681 2089 ac
694 2015 884 2113 trepidans
897 2017 1068 2114 astringit
1082 2017 1237 2094 vincula
1248 2031 1377 2114 motu3

433 2147 511 2243 Sic,
531 2155 576 2220 ut
588 2172 750 2254 quaeque
766 2149 844 2222 solo
858 2148 982 2224 defixa
994 2149 1197 2226 cohaeserat
1208 2151 1370 2247 baffi,

431 2277 653 2352 Exsternata
664 2275 790 2376 fugem
805 2277 945 2352 frustra
957 2280 1123 2354 tentabat
1140 2309 1148 2354 :
1163 2293 1203 2354 at
1217 2281 1323 2356 illam

431 2408 550 2482 Lenta
566 2420 668 2481 tenet
685 2407 814 2502 radix,
831 2409 1159 2506 exsultantemque
1174 2415 1330 2484 coercet.

431 2539 611 2637 Dumque
620 2539 688 2612 ubi
696 2537 773 2611 sint
780 2537 901 2636 digiti,
912 2537 1008 2612 dum
1018 2539 1158 2634 pesubi
1169 2538 1319 2636 quierit,
1329 2550 1367 2614 et
1373 2565 1543 2639 ungues,

433 2667 578 2766 Aspicit
589 2667 631 2741 in
651 2679 782 2740 teretes
794 2667 942 2764 lignum
956 2663 1153 2739 succedere
1165 2689 1283 2739 suras.

434 2796 482 2870 Et
497 2808 628 2872 conata
640 2795 765 2870 femur
781 2795 959 2870 moerenti
973 2793 1147 2892 plangere
1159 2791 1312 2888 dextri,

432 2927 580 3006 Robora
596 2931 779 3028 percussit
795 2963 803 3006 ;
818 2942 948 3030 pectus
965 2953 1118 3028 quoque
1134 2929 1270 3002 robora
1283 2923 1397 3000 fiunt.

420 3051 686 3148 ,sobora'sunt
700 3061 855 3136 humeri
871 3089 879 3134 :
894 3071 1141 3158 porrectaque
1157 3054 1311 3132 brachia
1325 3081 1439 3132 veros

433 3189 521 3264 Esse
535 3200 644 3287 putes
662 3215 807 3288 ramos,
822 3201 860 3264 et
875 3215 956 3266 non
969 3187 1097 3264 fallare
1113 3184 1294 3285 putando.

477 3387 486 3416 ¹
511 3382 648 3442 Allusion
662 3385 829 3462 ingenieuse
843 3398 872 3444 ct
885 3385 1006 3445 delicate
1018 3404 1057 3443 sn
1072 3381 1177 3462 regas-d
1191 3381 1244 3458 qui
1256 3379 1342 3455 privs
1355 3379 1478 3456 Orpheo

431 3479 599 3538 d'Euridice
612 3501 671 3541 unc
683 3483 809 3542 seconde
821 3483 895 3554 tois,
908 3503 949 3543 eu
960 3495 1091 3541 moment
1103 3483 1144 3540 οἰι
1155 3481 1209 3539 elle
1221 3477 1352 3537 reveuait
1364 3497 1419 3536 sur
1430 3497 1479 3536 ses

431 3597 485 3655 pas
496 3597 536 3636 au
550 3576 651 3651 se'jouc
663 3578 701 3636 de
715 3580 742 3636 ts
755 3580 891 3660 lumiere.

473 3677 522 3732 Au
544 3676 683 3750 surptus,
701 3677 728 3733 le
747 3676 835 3752 pnite
858 3678 966 3736 semble
986 3677 1087 3735 snivrc
1106 3674 1251 3752 l'opinion
1271 3673 1308 3730 de
1329 3691 1403 3730 ceux
1422 3671 1480 3748 qui

433 3774 528 3832 disent
541 3793 600 3850 que
611 3775 749 3834 l'homme
762 3787 804 3834 cst
819 3796 860 3835 un
874 3781 1013 3854 compost
1026 3778 1063 3835 de
1079 3776 1152 3834 trois
1164 3777 1285 3834 choses:
1301 3773 1375 3832 d'nu
1387 3791 1478 3848 corps

433 3872 486 3948 qui
499 3882 541 3930 est
555 3873 650 3932 rendu
665 3874 680 3932 t
695 3875 721 3932 ts
737 3887 813 3932 terre
824 3915 833 3945 ,
846 3875 937 3935 d'une
949 3895 1014 3936 ame
1027 3876 1080 3956 qui
1092 3875 1193 3934 revole
1206 3893 1246 3934 au
1259 3873 1311 3932 ciel
1319 3915 1329 3946 ,
1342 3881 1372 3930 et
1383 3871 1478 3928 d'uns

435 3970 539 4027 ombrc
551 3969 605 4046 qui
617 3970 742 4048 descend
755 3992 815 4034 aur
828 3973 932 4035 enters.
