3164 5352
390 459 464 536 250
503 475 589 536 nes
617 447 1067 535 udrauonrnosss
1092 473 1321 552 nomon,

391 617 583 696 Comibus
596 623 638 696 in
655 623 813 720 plenum
826 619 959 692 novies
971 620 1172 694 lunaribus
1185 624 1342 716 orbem,

390 745 460 818 ltla
474 747 630 844 Paphon
644 747 774 844 genuit
790 774 798 819 :
814 745 862 818 de
876 763 954 840 quo
968 757 1070 818 tenet
1082 745 1207 818 insrda
1222 769 1382 818 nomen.=

389 875 523 951 Editus
539 879 610 955 hac
623 878 687 952 ille
703 889 775 972 est,
793 874 881 972 qui,
900 875 933 946 si
949 873 1033 945 sine
1049 874 1156 970 prole
1172 873 1321 968 fuisset,

389 1003 495 1078 luter
508 1004 637 1080 felices
651 1003 808 1102 Cinyras
822 1001 1006 1098 potuisset
1018 999 1165 1074 haberi.

651 1232 701 1306 X.
729 1231 893 1328 Myrrha
910 1230 951 1301 in
967 1231 1172 1326 myrrham.

437 1460 545 1534 Dm
553 1483 697 1537 canam.
714 1459 817 1532 Natae
827 1455 961 1554 procul
968 1455 1063 1528 hinc
1071 1513 1083 1552 ,
1091 1453 1227 1552 procul
1235 1464 1311 1526 este
1318 1461 1515 1550 parentes:

389 1591 487 1688 hut,
504 1617 587 1666 mea
600 1591 632 1664 si
644 1601 785 1665 vestras
799 1589 1024 1664 mulcebunt
1036 1586 1205 1662 earmina
1217 1599 1381 1682 mentes,

391 1721 497 1798 Desit
510 1721 552 1794 in
565 1719 635 1794 hac
648 1717 747 1792 mihi
760 1731 865 1815 parte
877 1718 990 1816 fides3
1009 1745 1079 1792 nec
1094 1717 1236 1791 credite
1250 1713 1410 1790 factum:

389 1847 426 1927 V
426 1849 482 1945 el,
500 1849 532 1922 si
549 1847 729 1947 credetis,
747 1848 835 1922 facti
849 1875 1003 1946 quoque
1018 1847 1159 1922 credite
1172 1873 1337 1944 poenam.

440 1975 479 2048 Si
497 1987 623 2050 tamen
640 1976 849 2052 admissum
865 1979 958 2051 sinit
974 1977 1047 2052 hoc
1059 1977 1203 2051 Natura
1214 1973 1360 2070 videri,

390 2109 577 2184 Gentibus
598 2119 605 2148 ¹
626 2111 811 2208 Ismariis,
829 2123 867 2184 et
882 2123 1012 2196 nostro
1024 2109 1192 2208 gratulor
1207 2107 1312 2203 orbi3

391 2235 570 2311 Gratulor
581 2238 674 2312 huic
691 2249 801 2312 terras
810 2296 821 2334 ,
840 2237 943 2334 quod
960 2238 1063 2309 abest
1078 2233 1294 2332 regionibus
1310 2231 1408 2327 illis,

392 2365 487 2452 Quae
503 2377 651 2439 tantum
668 2367 830 2464 genuere
847 2367 962 2440 nefas.
978 2367 1035 2440 Sit
1046 2364 1155 2439 dives
1168 2389 1317 2445 amomo
1331 2375 1361 2460 '3

392 2499 669 2596 Cinnarmque,
685 2511 907 2596 costumque
924 2525 1052 2596 suam,
1070 2497 1278 2595 sudataque
1293 2497 1394 2594 ligno

391 2627 496 2704 Tura
508 2629 621 2727 serat,
640 2631 825 2726 floresque
842 2631 934 2719 alios
951 2629 1138 2704 Panchaia
1153 2629 1265 2702 tellus
1274 2659 1285 2724 3

267 2775 273 2784 '
392 2761 496 2836 Dum
505 2763 599 2836 ferat
612 2775 648 2836 et
661 2762 872 2859 Myrrham.
891 2761 1005 2834 Tanti
1019 2787 1120 2835 nova
1132 2787 1212 2835 non
1225 2758 1302 2833 fuit
1313 2757 1432 2832 arbos.

441 2891 524 2988 Ipse
541 2904 648 2989 negat
661 2891 832 2964 nocuisse
846 2890 917 2964 tibi
931 2917 998 2964 sua
1013 2891 1086 2964 tela
1100 2888 1266 2987 Cupido,

393 3023 551 3120 Myrrha
571 3053 579 3097 ε
598 3022 770 3120 facesque
784 3049 902 3098 suasa
916 3025 1077 3098 crimine
1094 3021 1265 3096 vindicat
1279 3021 1363 3094 isto.

395 3151 529 3248 Stipite
544 3164 581 3224 te
597 3152 740 3252 Stygio,
757 3153 992 3252 tumidisque
1007 3155 1147 3228 afflavit
1163 3151 1363 3248 Echidnis‚

394 3277 425 3350 E
441 3279 561 3352 tribus
575 3305 652 3352 una
669 3307 786 3356 soror.
807 3281 933 3356 Scelus
950 3294 1005 3357 est
1018 3281 1140 3356 odisse
1153 3292 1367 3378 parentem:

395 3405 469 3480 llic
484 3433 592 3483 amor
608 3421 664 3482 est
679 3409 768 3484 odio
783 3413 905 3508 majus
923 3413 1054 3486 scelus.
1073 3407 1253 3508 Undique
1268 3407 1356 3483 lecti

440 3607 449 3638 ¹
471 3605 513 3661 La
527 3605 639 3664 Thrace
656 3607 725 3666 tuit
741 3609 769 3666 la
781 3605 876 3684 patrie
894 3607 1054 3684 d'Orphee.
1072 3607 1113 3664 Ie
1129 3607 1241 3665 lecteur
1254 3625 1292 3662 ne
1305 3605 1369 3663 doit
1381 3623 1435 3685 pas

399 3697 516 3756 oublier
535 3719 594 3776 que
614 3703 682 3759 c'est
701 3721 757 3776 par
776 3704 804 3760 la
822 3703 892 3759 voix
908 3702 945 3760 de
965 3721 997 3760 ce
1018 3705 1139 3761 chautre
1157 3703 1306 3780 qu'Ovide
1325 3717 1432 3777 expose

293 3835 299 3852 .
397 3795 562 3856 l'aventure
574 3799 611 3856 de
624 3801 757 3877 Myrrha.

442 3895 455 3926 ¹
476 3892 623 3974 Lafigure
634 3897 752 3974 appelee
763 3897 932 3960 concessioni
942 3907 985 3958 est
994 3897 1032 3956 ici
1041 3897 1193 3975 employee
1203 3893 1435 3970 tres-i-propos.
