3230 5348
451 555 521 648 176
568 567 651 625 aas
680 535 1115 672 udrquonrflosss
1145 547 1369 625 mowers,

449 713 560 786 Dicta
571 705 699 781 refert.
717 692 994 794 Pallessaudits,
1010 688 1122 788 Bybli
1138 695 1169 787 ¹,
1188 689 1353 786 repulse:

447 839 496 914 Et
508 847 620 936 pavet
631 834 822 907 obsessum
835 821 978 922 glaciali
991 819 1128 916 frigore
1145 831 1287 916 pectus.

446 969 554 1044 Mens
570 977 696 1038 tamen
709 969 754 1030 ut
770 953 883 1030 rediit
892 949 1060 1049 ‚pariter
1073 945 1219 1020 rediere
1232 945 1399 1020 furores:

447 1097 668 1194 Linguaque
679 1085 750 1160 vix
762 1079 877 1155 tales
868 1089 942 1151 icto
958 1073 1105 1147 dedit
1074 1079 1159 1146 ae're
1171 1077 1322 1146 voces&

498 1224 547 1298 Et
558 1215 719 1296 merito:
737 1203 831 1306 quid
849 1204 952 1278 enim
964 1201 1163 1274 temeraria
1178 1197 1350 1272 vulneris
1363 1193 1483 1291 hujus

449 1351 641 1432 Indicium
653 1343 750 1420 feci?
765 1337 879 1438 quid,
899 1360 985 1434 quae
1001 1330 1153 1408 celanda
1166 1329 1343 1425 fuerunt,

449 1485 546 1560 Tam
559 1479 633 1554 cito
646 1471 818 1550 commisi
833 1464 1041 1568 properatis
1057 1461 1173 1537 verba
1189 1459 1357 1534 tabellis?

450 1613 549 1688 Ante
564 1619 643 1682 erat
656 1597 840 1698 ambiguis
853 1593 972 1669 animi
987 1591 1173 1666 sententia
1188 1587 1299 1662 dictis

449 1731 711 1819 Praetentanda
723 1725 833 1804 mihi.
849 1725 905 1800 Ne
918 1747 999 1795 non
1014 1729 1236 1816 sequeretur
1252 1723 1425 1810 euntem,

450 1869 560 1945 Parte
573 1855 699 1960 aliqud
714 1853 808 1950 veli,
824 1850 946 1950 qualis
962 1848 1059 1922 foret
1075 1871 1184 1940 aura,
1201 1855 1332 1924 notare

450 1997 685 2081 Debueram3
705 1993 864 2078 tutoque
876 1963 974 2052 mari
991 1974 1190 2049 decurrere
1208 2000 1216 2044 ε
1232 1997 1317 2068 quae
1334 1993 1440 2043 nunc

451 2099 538 2202 Non
553 2114 756 2217 exploratis
771 2107 930 2206 implevi
944 2106 1061 2180 lintea
1074 2103 1199 2177 ventis
1213 2100 1240 2176 ³.

450 2252 614 2330 Auferor
626 2248 669 2320 in
680 2240 852 2340 scopulos
865 2238 1000 2338 igitur,
1017 2237 1284 2332 submersaque
1295 2243 1375 2305 toto

452 2385 607 2461 obruor
620 2379 770 2452 Oceano
782 2392 791 2436 t
803 2391 927 2464 neque
939 2365 1081 2439 habent
1096 2388 1179 2436 mea
1191 2361 1275 2434 vela
1290 2381 1478 2432 recursus.

333 2497 336 2502 ⁵
452 2503 698 2606 de'lquod
710 2513 748 2576 et
757 2499 950 2574 onumbos
963 2494 1074 2567 certis
1086 2492 1313 2590 prohibebar
1326 2491 1447 2564 arnoni

451 2636 650 2732 indulgere
665 2652 769 2721 meo,
788 2637 873 2697 tum
884 2647 974 2696 cum
987 2618 1085 2693 mihi
1099 2617 1197 2692 ferre
1213 2619 1360 2712 jubenu

452 2739 621 2856 Excidit,
641 2767 679 2830 et
693 2751 781 2827 fecit
793 2776 875 2848 spes
890 2759 1036 2822 nostras
1049 2770 1134 2819 cera
1150 2744 1305 2818 caducas
1318 2745 1359 2818 ⁴?

452 2895 589 2971 Nonne
602 2886 663 2960 vel
677 2883 741 2956 illa
751 2880 833 2955 dies
847 2879 988 2969 fuerat,
1007 2876 1068 2951 vel
1083 2889 1161 2951 tota
1174 2877 1369 2974 voluntas,

453 3021 526 3097 Sed
542 3015 668 3116 potius
681 3007 864 3084 mutanda
876 3005 982 3080 dies?
994 3005 1099 3078 Deus
1116 3005 1196 3102 ipae
1212 3007 1408 3100 monebat,

452 3151 640 3248 Signaque
652 3151 753 3215 certa
765 3137 895 3232 dabat,
912 3134 945 3208 ei
958 3161 1037 3208 non
1051 3133 1147 3208 male
1162 3160 1249 3207 sana
1262 3133 1430 3208 fuissem.

498 3317 507 3345 ¹
532 3313 607 3368 Hac
616 3301 792 3381 apostrophe
793 3305 895 3377 poeloe
905 3301 949 3356 ad
957 3298 1086 3374 Byblida
1099 3309 1141 3354 est
1149 3297 1271 3371 qffectui
1279 3297 1410 3354 inarime
1420 3317 1489 3356 con-

455 3414 577 3469 veniam.

498 3509 512 3539 ⁸
535 3501 686 3579 Significat
699 3496 746 3552 lac
759 3513 860 3552 versas
876 3493 1006 3568 Byblida
1019 3493 1070 3548 diu
1086 3495 1236 3550 armaleone
1245 3493 1355 3568 fraaa's
1372 3493 1491 3570 repulsa

455 3603 594 3666 mamere,
611 3617 648 3654 ae
659 3595 777 3653 tandem
789 3595 821 3651 in
832 3595 965 3668 querelas
970 3593 1156 3667 poem'temioe
1162 3597 1271 3668 plenas
1283 3595 1419 3667 erupisse.

374 3797 375 3800 Ἴ
497 3693 510 3731 ³
533 3691 709 3769 metaphora
722 3711 743 3747 a
756 3690 954 3766 mvr'ganlibus
970 3702 1105 3764 sumpla,
1121 3710 1159 3764 qn
1159 3711 1169 3746 ι
1184 3704 1340 3766 antequam
1350 3691 1493 3766 pandam

453 3799 541 3863 vela,
555 3793 649 3849 solent
659 3801 760 3844 notare
773 3807 811 3862 q
793 3789 875 3842 uates
887 3785 969 3841 venti
982 3786 1040 3840 sant
1039 3785 1160 3857 flatura

495 3893 511 3939 ⁴
532 3893 568 3949 Se
581 3888 677 3964 arguit
686 3886 786 3961 Byblis
802 3883 883 3962 qaod
894 3901 965 3941 casa
980 3883 1098 3942 tabella
1115 3883 1266 3940 admom'la
1280 3901 1338 3940 ιιοιι
1350 3883 1490 3940 distulerit

454 3997 485 4052 ιἰι
499 3993 589 4049 aliam
604 3987 693 4043 dieite.
