3248 5336
472 473 548 550 584
597 491 679 546 nus
707 462 1144 544 nbrauouruosns
1174 491 1406 572 o’ovms,

470 638 578 712 Fessa
594 635 814 710 ministeriis
828 635 988 731 muloes,
1003 659 1228 733 reparasque
1241 639 1383 734 labori3

345 804 349 823 ι
471 765 642 858 Somnia,
656 791 743 862 quae
756 791 863 838 veras
876 777 1029 862 aequent
1043 765 1256 839 imitamine
1269 769 1439 866 lorinus,

469 897 656 972 Herculea
671 897 861 972 Trachine
875 897 986 992 jube,
1013 897 1085 968 snb
1101 897 1262 994 imagine
1274 901 1396 1000 regis,
1575 985 1576 992 ἵ

471 1031 702 1130 Halcyonem
715 1030 870 1125 adeunt3
889 1030 1165 1128 simulacraque
1180 1033 1358 1130 nauli-aga
1375 1035 1528 1131 fingant.

470 1165 636 1263 Imperat
647 1165 720 1238 hoc
736 1167 851 1238 Juno.
869 1163 1090 1260 Postquam
1103 1163 1277 1238 mandata
1289 1167 1443 1264 peregit

469 1297 560 1394 Iris,
574 1297 663 1371 abit.
680 1297 810 1394 Neque
827 1297 929 1370 enim
943 1296 1105 1370 ulterius
1121 1298 1280 1372 tolerare
1297 1300 1461 1396 vaporis

469 1425 559 1498 vim
576 1437 745 1522 poterata
760 1425 914 1523 labique
928 1437 973 1498 ut
989 1425 1175 1500 Somnum
1188 1427 1305 1500 sensit
1317 1429 1361 1500 in
1379 1439 1508 1518 artus,

469 1552 626 1652 Effugit3
647 1565 684 1628 et
697 1566 838 1627 remeat
852 1579 938 1652 per,
957 1581 1053 1651 quos
1065 1557 1180 1630 modo
1198 1567 1376 1652 venerat,
1391 1577 1512 1629 amus.

516 1683 566 1757 At
579 1691 700 1778 pater,
720 1680 895 1776 epopulo
912 1693 1090 1754 natorum
1102 1680 1206 1756 mille
1223 1707 1405 1779 suorum,

470 1812 618 1886 Excitat
631 1811 831 1907 artificem,
851 1812 1183 1909 simulatoremque
1196 1812 1342 1910 figurae,

467 1940 663 2040 Morphea.
682 1941 768 2014 Non
783 1941 848 2014 illo
861 1943 981 2036 jussos
994 1940 1169 2012 solertius
1184 1940 1278 2012 alter

467 2077 659 2175 Exprimit
671 2077 857 2171 incessus,
875 2073 1106 2170 vultumque
1119 2097 1332 2170 sonumque
1347 2066 1538 2170 loquendi.

466 2204 607 2302 Adjicit
620 2216 658 2280 et
670 2216 811 2299 vestes,
829 2213 866 2276 et
880 2202 1164 2276 consuetissima
1180 2202 1320 2298 cuique

466 2308 602 2410 Verba.
622 2335 694 2410 Sed
707 2333 772 2407 hic
784 2334 882 2407 solos
897 2331 1076 2406 homines
1089 2333 1285 2406 imitatur:
1304 2343 1343 2404 at
1354 2333 1455 2405 alter

465 2463 525 2538 Fit
536 2462 631 2559 fera,
651 2461 694 2535 fit
709 2462 897 2556 volucris,
912 2460 956 2531 fit
969 2460 1079 2556 longo
1096 2485 1252 2556 oorpore
1263 2485 1436 2558 serpens.

464 2593 579 2666 Hunc
591 2590 717 2664 Icelon
735 2589 889 2686 Superi,
908 2591 1065 2664 mortale
1078 2589 1289 2666 Phobetora
1301 2592 1442 2690 vulgus

461 2718 654 2796 Nominat.
671 2717 736 2790 Est
749 2717 861 2791 etiam
875 2717 1034 2792 diversae
1048 2719 1183 2793 tertius
1199 2720 1290 2794 artis
1411 2707 1416 2716 ⁴

461 2847 745 2925 Phantasoszille
752 2849 794 2922 in
801 2843 965 2924 humum
970 2851 1561 2949 ‚saxumq3undamq3t1abemque,

463 2983 635 3078 Quaeque
651 2992 786 3056 vacant
801 2981 948 3077 animal,
964 2981 1122 3055 {eliciter
1136 2983 1263 3056 omnia
1277 2983 1423 3056 transit.

462 3115 624 3213 Regibus
637 3114 680 3188 hi
697 3115 934 3210 ducibusque
947 3141 1034 3188 suos
1048 3113 1242 3188 ostendere
1256 3115 1386 3187 vultus

332 3267 335 3278 '
462 3246 577 3321 Nocte
591 3244 712 3318 solent
730 3273 736 3318 :
752 3243 911 3342 populos
923 3243 987 3315 alii
999 3243 1223 3340 plebemque
1238 3253 1435 3340 pererrant
1451 3249 1474 3314 ¹.

506 3483 515 3513 ¹
541 3477 581 3534 Ce
593 3495 661 3534 vers
675 3487 718 3534 est
730 3475 803 3534 d’un
816 3475 991 3545 laconiam,
1004 3475 1059 3551 qui
1070 3473 1269 3550 degeneremit
1284 3492 1321 3530 en
1335 3473 1494 3530 se'cberesse

461 3581 535 3638 dans
554 3591 641 3638 notre
662 3580 769 3656 langue
789 3580 886 3637 moins
905 3579 1059 3655 prosodiae
1076 3597 1134 3653 que
1154 3576 1182 3633 la
1202 3577 1311 3652 langue
1328 3575 1425 3632 latine.
1446 3576 1492 3630 On

461 3701 498 3738 ne
517 3701 563 3740 me
580 3699 668 3739 saura
685 3699 738 3754 pas
752 3681 885 3738 martvris
902 3683 954 3758 gre
976 3699 1042 3738 sam
1059 3677 1151 3735 doute
1169 3677 1305 3746 (iamir,
1325 3697 1392 3735 sans
1408 3693 1491 3754 pam-

459 3783 585 3857 phrase,
598 3779 734 3856 expliqut
751 3781 779 3838 la
793 3785 898 3858 penste
914 3777 1060 3852 d’ovide,
1077 3799 1157 3858 pour
1176 3779 1282 3840 rendre
1299 3778 1492 3858 1’tmnge=p1us

459 3891 538 3940 nette
553 3891 580 3940 et
594 3881 662 3957 plus
676 3879 781 3940 riante.
