3248 5336
405 570 479 670 578
517 585 604 646 uus
632 557 1078 678 uii'rnnouruesrs
1108 581 1343 659 norrun,

405 735 473 810 lllt
488 749 597 810 nocte
613 733 689 809 fuit
705 732 986 832 :quoniamque
1001 731 1180 808 excedere
1193 733 1367 833 Olympo

402 863 489 941 Non
502 865 629 963 licuit,
646 863 773 938 densis
789 861 885 936 texit
896 885 966 934 suu
977 861 1147 938 nubibus
1161 885 1239 937 ors.

404 1120 518 1196 XIV.
549 1125 593 1198 V
586 1135 649 1196 ota
657 1149 731 1222 pm
749 1123 876 1220 Ceycis
890 1121 1013 1194 reditu
1027 1137 1222 1220 nuncupat
1234 1126 1460 1223 Hauyone,

455 1255 650 1328 Somnium
671 1255 728 1328 ad
750 1279 835 1327 eam
864 1254 978 1326 mittit
1002 1255 1117 1326 June.
1152 1255 1283 1326 Somni
1307 1267 1347 1326 et
1370 1251 1461 1352 ejw

455 1389 666 1463 habitaculi
681 1389 890 1486 descriptio.

453 1641 609 1716 AEoms
625 1641 769 1714 interea
783 1653 980 1716 tantorum
992 1641 1322 1739 igturemdorum

405 1777 632 1850 Dinumeret
645 1783 770 1846 noctes
785 1799 793 1846 :
808 1782 847 1846 et
861 1773 956 1867 jam,
971 1796 1065 1869 quas
1078 1769 1216 1845 induat
1230 1770 1316 1866 ille,

372 1881 373 1884 Ἴ
406 1905 571 1979 Festinat
583 1917 724 1999 vestes3
739 1905 815 2000 jam
831 1929 944 2001 ques,
959 1901 1028 1976 ubi
1043 1899 1194 1975 venerit
1207 1900 1289 1998 ille,

405 2034 490 2128 Ipsa
503 2046 605 2132 gerat
619 2031 858 2130 :reditusque
874 2032 948 2106 sibi
963 2030 1152 2131 promittit
1167 2032 1311 2106 inanes.
1373 2033 1375 2037 ’

407 2157 598 2236 Omnibus
614 2161 679 2236 iila
694 2161 849 2260 quidem
866 2161 1021 2258 Superis
1036 2160 1100 2257 pia
1115 2170 1200 2234 tura
1215 2159 1380 2258 ferebat,

405 2295 504 2370 Ante
518 2307 645 2370 temen
660 2307 816 2370 cunctos
831 2291 995 2368 iunonis
1011 2292 1151 2389 templu
1167 2292 1331 2387 eolebat3

404 2427 554 2524 Proque
570 2427 673 2524 viro,
689 2429 758 2526 qui
773 2427 906 2501 nullus
918 2439 998 2500 emt
1014 2427 1191 2500 veniebat
1204 2425 1252 2500 ad
1266 2451 1360 2502 urus.

406 2559 533 2659 thue
551 2561 649 2635 foret
664 2587 788 2660 sospes
805 2564 950 2656 conjux
965 2587 1075 2658 suus,
1093 2573 1213 2658 utque
1228 2560 1389 2660 rediret,

405 2687 586 2784 Optabat3
603 2686 825 2784 nullamque
841 2688 915 2762 sibi
930 2687 1137 2786 praeferret.
1153 2687 1204 2763 At
1219 2689 1277 2764 illi

404 2815 486 2890 Hoc
501 2817 547 2892 de
566 2829 620 2892 tot
637 2820 735 2892 votis
748 2831 894 2921 poterut
908 2821 1125 2918 contingere
1140 2819 1277 2894 solum.

454 2949 504 3026 At
517 2952 595 3026 Dea
611 2977 693 3026 non
708 2952 825 3052 ultra,
843 2980 913 3052 pro
921 2953 1063 3042 ,functo
1079 2965 1220 3048 morte,
1239 2951 1358 3050 rogeri

407 3077 576 3156 Sustinet
589 3096 729 3182 :utque
745 3111 881 3160 manus
898 3085 1063 3158 funestas
1079 3096 1202 3160 arceat
1216 3084 1291 3158 aris
1307 3089 1332 3180 ',

408 3210 482 3306 Iri,
499 3237 610 3310 mere,
625 3212 742 3310 dixit,
757 3211 938 3288 fidissima
953 3215 1095 3288 nuncia
1109 3215 1231 3308 vocis,

407 3337 496 3410 Vise
512 3339 762 3435 soporiferum,
773 3341 905 3414 Somni
919 3340 1098 3416 velociter
1114 3341 1260 3435 aulam5

408 3465 670 3564 Exstinctique
686 3470 775 3564 jube
792 3469 920 3566 Ceycis
934 3469 1095 3567 imagine
1111 3468 1238 3543 mittet

410 3597 564 3672 Somnia
579 3595 626 3672 ad
640 3597 879 3697 Halcyonen,
893 3627 1004 3676 veros
1018 3601 1211 3676 numnfia
1226 3625 1345 3678 cesus.

454 3813 463 3842 ¹
490 3811 593 3868 C'e'rait
613 3820 672 3870 une
692 3829 837 3888 eroyenee
858 3813 1011 3892 religieuse
1034 3813 1103 3872 cher
1122 3813 1165 3872 les
1185 3813 1311 3872 Anticus
1330 3833 1389 3890 que
1406 3815 1450 3873 les

412 3905 562 3966 oifrsudes
574 3929 655 3985 pour
668 3911 709 3968 les
722 3921 837 3980 morte,
857 3910 911 3986 qui
927 3911 1074 3970 n’ursient
1088 3929 1142 3988 pes
1161 3929 1231 3988 τεῳ
1243 3913 1285 3971 les
1297 3911 1453 3970 heuneurs

411 4005 489 4065 dela
502 4009 673 4086 sepulture,
687 4009 1087 4091 etaientregardsescomme
1100 4011 1252 4079 funestet„
1286 4064 1288 4070 .
1438 4017 1442 4022 “
