3248 5336
460 505 534 582 554
576 523 662 580 aas
692 493 1138 578 uirauonrnosas
1166 515 1396 596 novans,

460 670 569 746 Illius
581 681 706 744 vrrtus
720 693 838 766 reges,
853 677 1055 764 gentesque
1071 664 1234 763 subegit,

458 801 558 890 Quae
572 807 677 872 nunc
692 805 701 834 ¹
715 795 897 870 Thisblas
909 797 1021 892 agitat
1035 805 1180 870 mutata
1191 795 1394 868 columbas.

509 931 603 1006 Nata
614 941 695 1004 erat
704 927 799 1002 huic
811 927 959 1001 Chione
971 955 979 1000 :
991 951 1078 1024 quar
1094 925 1324 1001 dotatissima
1335 925 1459 1000 forma

461 1059 567 1138 Mille
578 1059 701 1158 procis
712 1057 875 1166 placuit,
890 1055 949 1130 bis
962 1069 1106 1155 septem
1118 1057 1263 1132 nubilis
1273 1057 1395 1132 annis.

459 1189 570 1266 Forte
585 1199 835 1285 revertentes,
848 1185 1018 1262 Phoebus
1033 1186 1208 1284 Maiaque
1223 1199 1387 1284 arcanas,

460 1320 528 1396 lllc
543 1319 623 1394 suis
634 1315 813 1418 Delphis,
827 1317 893 1392 hic
907 1314 1049 1392 vertice
1061 1315 1269 1415 cyllenaeo,

459 1451 599 1525 vidam
613 1447 713 1523 hanc
728 1446 888 1546 pariter,
901 1446 1044 1544 pariter
1057 1447 1207 1520 traxem
1221 1445 1396 1520 calorem

460 1569 574 1680 Sper'n
588 1577 747 1654 Veneris
761 1575 889 1651 differt
901 1576 945 1650 in
956 1587 1127 1675 tempora
1142 1578 1263 1652 noctis
1280 1578 1433 1676 Apollo;

457 1718 544 1792 Non
556 1713 647 1788 tulit
659 1711 724 1786 ille
735 1735 860 1788 moras
877 1739 885 1784 :
900 1705 1082 1808 virglque
1097 1722 1276 1784 movente
1288 1735 1461 1809 soporem

459 1843 624 1943 Virginis
638 1869 679 1917 os
692 1844 822 1942 tangit„
837 1839 956 1916 Tactu
971 1840 1145 1938 jacetilla
1160 1845 1306 1940 potenti
1318 1852 1352 1942 ¹,

459 1968 625 2068 Vimque
638 1969 710 2044 Dei
723 1971 879 2068 patitur.
895 1969 982 2044 Nox
993 1969 1132 2044 ooelum
1148 1982 1331 2068 sparserat
1342 1971 1476 2044 astris:

457 2098 626 2174 Phoebus
638 2125 756 2176 anum
768 2099 939 2197 simulat,
953 2111 1213 2200 praeceptaque
1226 2101 1360 2200 modia
1371 2101 1501 2174 sunsit.

460 2229 519 2304 Ut.
527 2256 596 2304 sua
607 2205 787 2304 maturus
792 2231 997 2329 complevit
1007 2243 1177 2334 tempora
1188 2245 1343 2332 venter,

459 2359 626 2458 Alipedis
642 2359 690 2434 de
706 2359 822 2458 stirpe
837 2359 929 2456 Dei,
944 2371 1098 2434 versuta
1113 2385 1294 2460 propago,

459 2491 633 2567 Nascitur
645 2491 872 2592 Autolycus,
887 2491 1038 2568 furtum
1053 2493 1268 2594 ingeniosus
1280 2494 1328 2568 ad
1344 2517 1457 2570 omne
1465 2525 1477 2592 3

458 2619 538 2708 Qui
553 2620 671 2694 lacere
686 2633 869 2719 assuerat,
884 2622 1015 2720 patriae
1027 2648 1107 2698 non
1120 2623 1280 2724 degener
1291 2629 1403 2728 artis,

456 2753 626 2830 Candida
637 2753 684 2829 de
700 2755 835 2854 nigris,
850 2766 888 2828 et
902 2753 950 2830 de
964 2756 1212 2852 candentibps
1228 2770 1320 2832 atra.

457 2885 632 2967 Nascitur
647 2913 668 2962 c
683 2885 849 2984 Phoebo,
863 2911 1028 2985 namque
1045 2901 1100 2963 est
1116 2889 1228 2963 enixa
1240 2889 1432 2988 gemellos,

454 3017 635 3090 Carmine
650 3017 773 3092 vocali
788 3016 911 3091 clarus
927 3015 1146 3116 citharaque
1162 3017 1415 3093 Philammon.

459 3147 563 3235 Quid
579 3149 766 3247 peperisse
778 3149 894 3248 duos,
910 3163 947 3226 et
961 3149 1031 3228 Dis
1044 3151 1227 3250 placuisse
1242 3150 1418 3226 duobus?

459 3275 508 3349 Et
522 3275 612 3352 forti
628 3280 814 3378 genitore,
831 3294 868 3355 et
883 3283 1120 3381 progenitore
1132 3281 1298 3356 Tonanti

457 3407 546 3481 Esse
558 3421 673 3485 satam
687 3413 861 3511 prodest?
872 3439 923 3488 an
936 3415 1041 3490 obest
1052 3439 1204 3513 quoque
1216 3411 1334 3512 gloria
1345 3409 1500 3486 multis?

460 3535 595 3611 Obfuit
606 3537 699 3614 huic
712 3546 831 3640 certe,
847 3569 934 3640 quaa
949 3571 988 3618 se
1000 3545 1178 3644 praelorrc
1192 3545 1326 3620 Dianae

503 3738 512 3770 ¹
537 3735 663 3804 Thisbe,
679 3735 747 3794 ville
760 3737 797 3796 de
810 3737 929 3808 Βέοῑίε,
942 3741 1013 3799 etait
1030 3743 1197 3800 recommee
1208 3743 1316 3818 parles
1327 3740 1451 3820 pigeons
1463 3751 1492 3798 et
1584 3719 1585 3734 i

457 3837 499 3897 les
510 3835 658 3895 colombeo
671 3856 729 3911 qne
742 3837 803 3896 l'on
816 3839 990 3898 nourrissait
1003 3839 1076 3898 dans
1089 3861 1134 3899 ses
1146 3841 1296 3898 environa.

499 3937 513 3971 ¹
534 3938 715 4016 armatque
728 3937 757 3996 la
769 3941 878 4000 nettete
891 3951 920 3999 et
934 3941 962 4000 la
975 3941 1100 4020 rapiditt
1112 3943 1150 4002 de
1166 3952 1240 4000 cette
1254 3941 1420 4000 namtion.
