3262 5342
401 547 446 604 12
514 541 598 601 oss
627 513 1064 598 nirssroarnosss
1094 540 1325 622 movtoa,

396 683 556 764 Munera
570 688 752 786 porrexit.
770 688 895 762 Minos
909 697 1079 784 porrecta
1094 685 1231 786 refugit
1239 718 1253 786 3

396 819 662 921 Turbatusque
674 823 786 917 novi,
804 819 1019 919 respondit,
1037 819 1199 918 imagine
1211 819 1321 894 faeti:

395 947 446 1026 Dl
462 963 499 1026 te
513 954 779 1048 submoveant,
796 951 839 1025 b!
858 950 979 1024 nostri
992 949 1148 1026 infamia
1164 949 1270 1048 secli,

395 1082 498 1154 Orbe
510 1082 598 1154 suo!
616 1080 802 1176 tellusque
815 1078 886 1153 tibi
898 1091 1114 1176 pontusque
1132 1081 1337 1178 negentur!

395 1213 502 1286 Certe
519 1237 583 1310 ego
596 1239 676 1287 non
689 1213 830 1310 patiar,
848 1212 953 1286 lovis
970 1212 1220 1308 incunabula,
1240 1211 1397 1305 Creten,

395 1341 490 1427 Quae
503 1368 609 1416 meus
623 1356 677 1416 est
691 1343 811 1438 orbis,
830 1354 979 1416 tantum
993 1339 1206 1440 contingere
1222 1353 1453 1416 monstrum.

441 1476 571 1552 Dixit:
588 1489 643 1575 et,
660 1490 706 1552 ut
720 1477 815 1576 leges
828 1476 943 1574 captis
956 1474 1184 1570 justissimus
1199 1485 1330 1546 auctor
1346 1479 1355 1510 ¹

391 1605 572 1681 Hostibus
585 1607 788 1705 imposuit,
806 1607 929 1680 classis
940 1606 1148 1685 retinacula
1162 1604 1259 1680 solvi

391 1739 415 1811 J
416 1739 528 1836 ussit,
547 1751 584 1813 et
598 1751 726 1814 aeratas
738 1738 883 1838 impelli
895 1739 1035 1836 remige
1049 1761 1207 1836 puppes.

293 1889 302 1903 ·
391 1870 532 1967 Scylla,
551 1870 647 1944 freto
661 1883 744 1968 post
758 1871 873 1967 qulam
885 1869 1062 1945 deductos
1075 1894 1166 1942 nare
1180 1857 1342 1962 caunas,

390 1999 467 2100 Nec
481 2011 654 2097 praestare
667 2000 802 2074 ducem
816 2000 964 2074 sceleris
982 2000 1054 2074 sibi
1066 1998 1222 2097 praemia
1235 1997 1353 2092 vidit5

390 2128 606 2202 Consumtis
618 2131 792 2227 precibus
806 2130 1012 2204 violentam
1027 2129 1163 2204 transit
1174 2129 1217 2202 in
1229 2130 1347 2222 narn,

389 2255 672 2354 Intendensque
687 2281 842 2353 manus,
860 2257 974 2354 passis
987 2256 1195 2332 furibunda
1207 2255 1368 2353 capillis,

390 2384 477 2470 Quo
490 2383 605 2482 sugis,
625 2386 824 2483 exclamat,
843 2388 1068 2461 meritorum
1081 2398 1231 2464 auctore
1243 2384 1389 2479 reliottl,

390 2516 447 2588 0!
467 2517 597 2613 patriae
610 2517 760 2614 praelote
776 2542 888 2612 meae,
907 2517 1058 2614 praelate
1070 2513 1237 2612 parenti!

389 2643 476 2729 Quo
488 2643 605 2742 sugis,
623 2645 806 2718 immitis?
820 2646 929 2740 cujus
941 2643 1101 2717 victoria
1115 2655 1289 2717 nostrum

389 2775 438 2848 Et
449 2777 588 2873 scelus,
607 2790 645 2850 et
656 2778 838 2852 meritum
853 2788 908 2850 est
926 2804 934 2850 :
950 2800 1020 2848 neo
1034 2787 1072 2849 te
1084 2775 1168 2850 data
1180 2799 1358 2872 munera,
1377 2797 1447 2848 neo
1463 2787 1502 2847 te
1539 2853 1543 2860 ,

388 2905 522 2979 Noster
538 2906 660 2980 movit
673 2933 779 2982 amor
784 2937 795 3002 3
814 2932 883 2980 neo
895 2906 998 3004 quod
1016 2932 1097 3004 spes
1111 2904 1234 2979 omnis
1247 2904 1290 2978 in
1303 2929 1428 2979 unum

388 3035 443 3110 Te
459 3063 541 3111 mes
556 3051 726 3136 congesta
742 3039 822 3114 est?
836 3040 932 3114 Nam
944 3042 1022 3137 qub
1036 3039 1180 3112 deserta
1193 3035 1388 3111 revortar?

387 3171 435 3245 In
448 3170 633 3266 patriam?
644 3183 816 3270 superata
826 3175 932 3269 jacet.
951 3172 1022 3245 Sed
1036 3171 1133 3269 finge
1150 3193 1320 3260 manere,

386 3297 604 3371 Proditione
618 3299 700 3374 merl
715 3301 838 3374 clausa
853 3315 908 3375 est
920 3301 1030 3376 mihi.
1050 3300 1169 3374 Patris
1184 3299 1230 3374 ad
1247 3298 1336 3372 ora?

391 3425 487 3514 Quae
502 3425 575 3499 tibi
587 3425 727 3500 donavi
744 3454 753 3502 s
771 3427 872 3502 cives
888 3429 999 3502 odere
1011 3440 1239 3502 merentem:

429 3638 439 3670 ¹
471 3638 609 3713 Quotque
626 3638 653 3695 le
669 3643 757 3714 poete
776 3639 894 3716 qualifie
913 3639 950 3698 de
970 3638 1132 3713 tres-juste
1149 3639 1179 3696 la
1196 3655 1360 3714 rengeance
1378 3634 1417 3694 de

386 3731 502 3803 Minos,
516 3735 543 3791 la
557 3735 598 3791 loi
611 3736 683 3810 qn’il
698 3737 812 3814 imposa
825 3737 925 3794 n’ttait
937 3757 991 3814 pas
1003 3737 1100 3794 moins
1113 3737 1247 3794 harbure.
1264 3735 1325 3793 Ello
1341 3753 1417 3792 con-

386 3833 517 3890 damuait
530 3837 571 3893 les
582 3837 742 3896 Atheniens
753 3837 868 3897 blirrer
881 3848 948 3894 tous
960 3837 1001 3892 les
1014 3834 1086 3892 trois
1097 3853 1149 3890 ans
1161 3845 1224 3908 sept
1231 3831 1335 3906 jeuoes
1343 3850 1419 3911 gens

386 3929 438 4007 cles
450 3931 518 4006 plus
532 3932 635 3992 nobles
647 3933 769 3994 familles
779 3973 787 4005 ‚
799 3951 879 4011 pour
890 3934 953 3992 ltre
965 3933 994 3991 la
1005 3931 1089 4008 prole
1102 3930 1145 3988 du
1156 3931 1335 3990 Minotaure.
1377 3987 1380 3994 ,
