3242 5348
424 629 494 712 150
537 617 1347 730 uusurirnnonruosusu’ovrnr,
1475 728 1482 742 ,
1547 636 1552 646 ’

424 803 537 899 Quae,
553 801 643 899 quio
655 797 827 873 mendaci
840 797 1045 894 parientem
1058 800 1206 894 juverat
1219 791 1304 900 ore,
1462 887 1465 894 .

423 934 500 1007 Ore
507 930 854 1030 paritznostrasque
862 927 993 1003 domos
999 954 1016 1024 ,¹
1030 938 1075 1002 ut
1083 939 1119 1002 et
1131 941 1236 1027 onte,
1254 931 1485 1028 frequente&
1611 947 1612 976 ¹

553 1194 556 1204 Δ
676 1124 751 1199 ΧΙ.
777 1125 930 1222 Dryope
946 1125 987 1196 in
1003 1122 1199 1198 Arborem.

473 1321 613 1395 Drxrr
630 1347 638 1392 :
654 1330 710 1416 et,
725 1314 922 1390 admonitu
934 1316 1072 1390 veteris
1085 1329 1270 1393 commota
1282 1318 1467 1393 ministre
1474 1373 1487 1414 ,

424 1451 628 1550 Ingemuit,
645 1476 759 1548 quam
772 1450 825 1522 sic
838 1474 960 1522 nurus
973 1461 1028 1522 est
1039 1447 1147 1524 affata
1159 1461 1381 1547 gementem.

425 1583 480 1658 Te
493 1595 617 1658 tamen
626 1640 637 1680 ,
651 1583 697 1656 6!
716 1581 899 1678 genitrix,
917 1581 1048 1654 alienae
1061 1581 1242 1678 sanguine
1255 1593 1380 1656 vestro

425 1715 682 1814 Raptamovet
695 1711 818 1788 facies.
835 1712 962 1798 Quid?
975 1714 1006 1786 si
1020 1714 1089 1788 tibi
1104 1715 1200 1788 mire
1213 1713 1351 1788 sororis

425 1848 512 1922 Fata
525 1873 616 1920 mec-e
628 1844 812 1920 referam?
825 1869 1055 1941 quamquam
1068 1846 1320 1944 lacrymoeque
1331 1846 1518 1944 dolorque

426 1977 646 2074 Impediunt
662 1985 692 2074 ¹,
708 1974 987 2074 prohibentque
1000 1975 1119 2073 loqui.
1134 1977 1223 2051 Fuit
1235 1979 1347 2052 unica
1358 1977 1490 2074 matri,

425 2102 487 2184 Me
498 2121 604 2208 peter
616 2135 664 2182 ex
677 2107 748 2182 alie
761 2107 908 2202 genuit,
927 2106 1122 2182 notissime
1135 2108 1257 2182 formet

424 2239 691 2333 OEchuidum,
709 2238 861 2334 Dryope
875 2266 883 2310 :
895 2264 1009 2336 quam
1021 2238 1237 2335 virginitate
1250 2250 1457 2336 carentem,

423 2369 586 2465 Vimque
598 2367 668 2443 Dei
681 2393 848 2464 paoem,
866 2367 1033 2464 Delphos
1048 2368 1245 2466 Delonque
1258 2369 1440 2466 tenentis,

422 2501 573 2598 Excipit
588 2500 838 2594 Andraemon3
858 2476 894 2574 et
907 2501 1068 2578 habetur
1084 2505 1240 2600 conjuge
1254 2502 1363 2606 felix.-

470 2637 535 2712 Est
549 2637 669 2731 lacus,
688 2633 821 2706 acclivi
833 2633 979 2708 devexo
996 2635 1162 2733 margine
1175 2621 1336 2707 formam

421 2763 559 2840 Litoris
574 2764 734 2836 efficiens
752 2791 760 2836 :
776 2789 971 2836 summum
984 2773 1145 2860 myrteta
1159 2770 1353 2834 coronant.
1454 2768 1457 2774 '

420 2895 583 2970 Venerat
594 2894 672 2966 huc
682 2893 834 2988 Dryope
848 2891 1014 2964 fatorum
1030 2891 1172 2985 nescio,
1189 2888 1341 2986 quoque

399 3102 403 3108 ,
419 3023 617 3121 Indignere
631 3021 761 3119 magis,
779 3021 965 3119 Nymphis
981 3020 1103 3096 latura
1119 3044 1287 3095 corones.

417 3153 540 3254 Inque
557 3156 645 3228 sinu
658 3179 840 3253 puerum,
859 3158 928 3253 qui
942 3154 1114 3228 nondum
1128 3152 1351 3248 impleverat
1363 3169 1534 3242 annum,

419 3283 539 3358 Dulce
552 3283 691 3357 ferebat
708 3308 821 3381 onus3
836 3284 1030 3382 tepidique
1047 3311 1117 3382 ope
1131 3281 1235 3357 lactis
1249 3281 1380 3356 alebat.

468 3413 577 3488 Haud
595 3414 726 3512 procul
739 3441 760 3486 a
773 3425 918 3511 stagno,
933 3414 1068 3511 Tyrios
1081 3411 1226 3486 imitata
1238 3411 1397 3504 coloreo,

415 3544 462 3617 In
479 3567 583 3638 spem
600 3542 798 3614 baccarum
814 3541 969 3615 florebat
982 3541 1152 3640 aquatica
1166 3541 1275 3614 lotos.

416 3673 610 3767 Carpserat
618 3669 712 3742 hinc
724 3671 897 3767 Dryope,
916 3697 1010 3766 quos
1027 3667 1275 3744 oblectamina
1289 3674 1379 3741 nato

413 3799 639 3899 Porrigeret,
657 3801 766 3874 flores
784 3830 792 3874 :
808 3814 845 3875 et
856 3801 957 3876 idem
974 3801 1116 3876 sectura
1129 3798 1309 3892 videber3

459 3980 469 4009 ¹
494 3979 648 4054 Eleganter
656 3984 746 4053 poeta
757 3993 851 4040 smat
862 3983 997 4041 decorum
1010 3982 1150 4054 mulieris,
1162 3977 1319 4065 infortunio
1329 3971 1446 4041 *Μή-*ι
1475 4037 1483 4061 ι

417 4098 521 4154 rnaguo
536 4079 636 4136 dolore
651 4078 779 4157 qffeotoe.
