3248 5336
443 501 517 624 576
561 541 650 600 uss
678 515 1114 597 niranonrnosns
1143 539 1368 618 novior,

436 671 556 765 ¹Nulla
568 686 644 762 nisi
655 687 848 784 Halcyone
860 697 916 759 est
929 715 937 759 ε
949 698 1003 780 ct,
1019 689 1108 760 cum
1119 687 1457 788 desideratum,
1486 677 1499 685 ”

443 820 590 894 Gaudet
602 821 727 894 abesse
741 832 879 893 tamen.
896 799 1031 892 Patriae
1043 847 1197 918 quoque
1209 821 1323 896 vellet
1334 821 1382 896 ad
1394 848 1488 896 oras

442 948 658 1046 Respicere,
674 947 790 1044 inque
803 945 962 1020 domum
975 972 1170 1042 supremos
1183 961 1330 1022 vertere
1341 947 1494 1022 vultus.

441 1077 587 1153 Verum
604 1080 673 1151 ubi
688 1079 756 1176 sit,
770 1077 889 1150 nescit
903 1105 911 1150 :
927 1075 1031 1149 tanta
1042 1076 1227 1176 vertigine
1242 1088 1383 1176 pontus

442 1209 595 1285 Fervet!
613 1225 669 1307 et,
684 1207 838 1284 inducte
854 1208 969 1306 piceis
982 1235 1003 1282 e
1016 1211 1184 1284 nubibus
1196 1201 1350 1306 umbri,

1594 531 1600 572 t

442 1345 567 1419 Omne
583 1341 672 1414 latet
684 1321 841 1436 cmlum,
856 1338 1120 1438 duplicataque
1132 1341 1253 1414 noetis
1266 1340 1388 1436 imago
1403 1333 1480 1414 est)
1599 1291 1600 1316 i

491 1448 690 1570 Frangitur
705 1473 863 1544 incursu
877 1471 1042 1545 nimbosi
1058 1471 1224 1545 turbinis
1236 1472 1365 1566 arbos3

443 1601 643 1698 Frangitur
655 1613 693 1673 et
705 1580 891 1697 regimen3
906 1601 1111 1699 spoliisque
1123 1602 1291 1675 animosa
1302 1611 1521 1699 superstans

442 1730 571 1828 Unda,
586 1731 694 1804 velut
705 1729 865 1827 victrix,
881 1730 1046 1803 sinuatos
1058 1730 1217 1828 despicit
1227 1730 1362 1805 undas.

443 1867 520 1942 Nec
526 1845 667 1964 levius,
676 1862 792 1962 quiun
800 1863 832 1936 si
840 1863 927 1960 quis
935 1861 1064 1937 Athon
1073 1862 1309 1962 Pindumve,
1319 1836 1491 1938 revtdsos

443 1994 538 2068 Sede
551 1993 639 2090 sud,
655 2006 751 2068 totos
765 1993 808 2066 in
822 2005 995 2090 apertum
1010 1995 1189 2068 everterit
1202 2021 1351 2094 aequor,
1430 2059 1437 2070 .

362 2125 365 2137 '
442 2126 678 2225 Praecipitate
691 2125 791 2221 mit,
806 2125 1022 2224 pariterque
1034 2140 1072 2200 et
1085 2125 1251 2225 pondere
1267 2141 1305 2203 et
1320 2129 1401 2203 ictu

442 2256 579 2353 Mergit
591 2255 633 2328 in
648 2254 724 2328 ima
737 2266 855 2329 retem
869 2283 876 2327 :
889 2280 977 2328 cum
990 2255 1067 2352 qud
1079 2281 1164 2353 pars
1177 2281 1310 2354 magna
1322 2258 1499 2332 virorum

386 2394 389 2405 '
444 2385 601 2484 Gurgite
615 2411 739 2482 pressa
754 2387 876 2482 gravi,
892 2411 1016 2484 neque
1029 2387 1072 2460 in
1083 2395 1168 2466 aera
1182 2390 1328 2465 reddita
1336 2449 1347 2488 ,
1362 2389 1439 2465 sato

443 2517 587 2590 Puncta
602 2541 672 2590 suo
685 2528 750 2590 est.
767 2517 844 2590 'Alii
856 2531 978 2615 partes
991 2531 1028 2594 et
1043 2523 1215 2624 membra
1226 2524 1363 2601 carinae

443 2641 596 2722 Trunca
607 2647 875 2724 tenentTenet
882 2651 960 2748 ipse
967 2679 1100 2750 manu,
1110 2638 1334 2752 qudsoeptiu
1341 2655 1503 2754 solebat,

444 2780 640 2880 Fragmina
651 2782 791 2879 navigii
806 2783 929 2883 Ceyx5
945 2763 1193 2885 socerumque
1204 2799 1423 2886 patremque

443 2917 616 3013 Invocat,
629 2915 729 2990 heu!
745 2914 884 2992 frustm
899 2947 907 2992 :
922 2917 985 2992 sed
1000 2919 1166 3019 plurima
1179 2920 1306 2994 nantis
1322 2921 1364 2991 in
1377 2943 1444 2992 ore

442 3043 634 3142 Halcyone
647 3047 728 3140 conj
734 3071 799 3119 ux.
816 3033 924 3121 Illam
938 3051 1189 3149 meminitque
1203 3037 1410 3148 refertque:

442 3175 548 3249 illius
561 3189 648 3250 ante
661 3163 788 3252 oculos
805 3163 853 3253 ut,
863 3193 972 3278 agant
988 3207 1056 3257 sua
1071 3209 1228 3280 corpora
1243 3181 1402 3277 fluctus,

444 3305 577 3400 Optat3
593 3316 630 3379 et
644 3309 830 3384 exanimis
846 3309 1022 3390 manibus
1039 3316 1252 3391 tumuletur
1267 3313 1409 3390 amicis.

443 3433 548 3509 Dum
564 3446 682 3532 naut,
697 3439 905 3536 absentem,
918 3443 1067 3538 quoties
1080 3444 1172 3516 sinit
1184 3443 1329 3517 hiscere
1341 3441 1501 3537 fluctus,

441 3543 623 3680 Nominat
632 3559 868 3666 Halcyonen,
883 3571 1049 3670 ipsisque
1061 3574 1335 3650 immurmurat
1345 3570 1472 3646 undis.

443 3694 554 3792 Ecce,
569 3721 682 3793 super
694 3697 837 3805 medios
853 3699 1011 3798 fluctus,
1026 3702 1133 3800 niger
1143 3728 1253 3776 arcus
1269 3692 1466 3800 aquarum*

439 3821 641 3920 Frangitur
657 3851 665 3897 :
682 3836 718 3896 et
731 3827 843 3923 ruptd
858 3855 1027 3910 mersum
1041 3842 1154 3930 caput
1171 3831 1302 3905 obruit
1317 3829 1433 3904 undi.

444 3952 597 4027 Lucifer
611 3939 811 4056 obscurus,
828 3965 896 4032 n'ec
912 3949 1035 4057 quem
1044 3985 1262 4059 cognoscere
1273 3983 1417 4061 posses,
1455 3961 1459 3972 '
