<?xml version="1.0" encoding="UTF-8"?>
<!DOCTYPE html PUBLIC "-//W3C//DTD XHTML 1.0 Transitional//EN"
    "http://www.w3.org/TR/xhtml1/DTD/xhtml1-transitional.dtd">
<html xmlns="http://www.w3.org/1999/xhtml" xml:lang="en" lang="en">
 <head>
  <title>
</title>
<meta http-equiv="Content-Type" content="text/html;charset=utf-8" />
  <meta name='ocr-system' content='tesseract 3.04.00' />
  <meta name='ocr-capabilities' content='ocr_page ocr_carea ocr_par ocr_line ocrx_word'/>
</head>
<body>
  <div class='ocr_page' id='page_1' title='image "./lesmtamorphoses01saingoog_0322.png"; bbox 0 0 3226 5336; ppageno 0'>
   <div class='ocr_carea' id='block_1_1' title="bbox 488 637 1420 745">
    <p class='ocr_par' dir='ltr' id='par_1_1' title="bbox 488 637 1420 745">
     <span class='ocr_line' id='line_1_1' title="bbox 488 637 1420 745; baseline -0.003 -19"><span class='ocrx_word' id='word_1_1' title='bbox 488 647 560 727; x_wconf 72' lang='lat'><strong>266</strong></span> <span class='ocrx_word' id='word_1_2' title='bbox 603 669 688 724; x_wconf 79' lang='lat' dir='ltr'><strong>nus</strong></span> <span class='ocrx_word' id='word_1_3' title='bbox 717 637 1156 722; x_wconf 75' lang='lat' dir='ltr'><strong>urirruonrnoers</strong></span> <span class='ocrx_word' id='word_1_4' title='bbox 1186 663 1420 745; x_wconf 72' lang='lat' dir='ltr'><strong>novius,</strong></span> 
     </span>
    </p>
   </div>
   <div class='ocr_carea' id='block_1_2' title="bbox 477 813 1575 3412">
    <p class='ocr_par' dir='ltr' id='par_1_2' title="bbox 483 813 1442 910">
     <span class='ocr_line' id='line_1_2' title="bbox 483 813 1442 910; baseline 0.002 -22"><span class='ocrx_word' id='word_1_5' title='bbox 483 815 542 888; x_wconf 86' lang='lat' dir='ltr'><strong>Ad</strong></span> <span class='ocrx_word' id='word_1_6' title='bbox 556 813 701 890; x_wconf 73' lang='lat' dir='ltr'><strong>lacinus</strong></span> <span class='ocrx_word' id='word_1_7' title='bbox 717 815 826 890; x_wconf 85' lang='lat' dir='ltr'><strong>veuit</strong></span> <span class='ocrx_word' id='word_1_8' title='bbox 841 821 851 851; x_wconf 90' lang='lat'><strong>¹</strong></span> <span class='ocrx_word' id='word_1_9' title='bbox 870 814 936 888; x_wconf 86' lang='lat' dir='ltr'><strong>illa</strong></span> <span class='ocrx_word' id='word_1_10' title='bbox 949 837 1077 886; x_wconf 85' lang='lat' dir='ltr'><strong>sunm.</strong></span> <span class='ocrx_word' id='word_1_11' title='bbox 1095 813 1206 910; x_wconf 83' lang='lat' dir='ltr'><strong>Fugit</strong></span> <span class='ocrx_word' id='word_1_12' title='bbox 1217 840 1331 888; x_wconf 80' lang='lat' dir='ltr'><strong>aurea</strong></span> <span class='ocrx_word' id='word_1_13' title='bbox 1343 817 1442 892; x_wconf 87' lang='lat' dir='ltr'><strong>ooelo</strong></span> 
     </span>
    </p>

    <p class='ocr_par' dir='ltr' id='par_1_3' title="bbox 482 937 1390 1040">
     <span class='ocr_line' id='line_1_3' title="bbox 482 937 1390 1040; baseline -0.004 -24"><span class='ocrx_word' id='word_1_14' title='bbox 482 943 593 1016; x_wconf 86' lang='lat' dir='ltr'><strong>Luna</strong></span> <span class='ocrx_word' id='word_1_15' title='bbox 613 971 621 1016; x_wconf 93' lang='lat'><strong>:</strong></span> <span class='ocrx_word' id='word_1_16' title='bbox 640 953 771 1040; x_wconf 86' lang='lat' dir='ltr'><strong>tegunt</strong></span> <span class='ocrx_word' id='word_1_17' title='bbox 782 941 898 1038; x_wconf 70' lang='lat' dir='ltr'><strong>nigre</strong></span> <span class='ocrx_word' id='word_1_18' title='bbox 911 937 1096 1012; x_wconf 74' lang='lat' dir='ltr'><strong>latitantia</strong></span> <span class='ocrx_word' id='word_1_19' title='bbox 1110 937 1234 1012; x_wconf 86' lang='lat' dir='ltr'><strong>sidera</strong></span> <span class='ocrx_word' id='word_1_20' title='bbox 1246 940 1390 1034; x_wconf 80' lang='lat' dir='ltr'><strong>nubes3</strong></span> 
     </span>
    </p>

    <p class='ocr_par' dir='ltr' id='par_1_4' title="bbox 482 1067 1464 1170">
     <span class='ocr_line' id='line_1_4' title="bbox 482 1067 1464 1170; baseline -0.002 -24"><span class='ocrx_word' id='word_1_21' title='bbox 482 1071 570 1146; x_wconf 83' lang='lat' dir='ltr'><strong>Nox</strong></span> <span class='ocrx_word' id='word_1_22' title='bbox 585 1085 684 1146; x_wconf 81' lang='lat' dir='ltr'><strong>caret</strong></span> <span class='ocrx_word' id='word_1_23' title='bbox 697 1073 783 1170; x_wconf 87' lang='lat' dir='ltr'><strong>igne</strong></span> <span class='ocrx_word' id='word_1_24' title='bbox 795 1095 877 1144; x_wconf 79' lang='lat' dir='ltr'><strong>cuo.</strong></span> <span class='ocrx_word' id='word_1_25' title='bbox 893 1069 1040 1142; x_wconf 84' lang='lat' dir='ltr'>Primos</span> <span class='ocrx_word' id='word_1_26' title='bbox 1055 1067 1165 1165; x_wconf 79' lang='lat' dir='ltr'><strong>tegis,</strong></span> <span class='ocrx_word' id='word_1_27' title='bbox 1180 1069 1301 1166; x_wconf 79' lang='lat' dir='ltr'><strong>Icaro,</strong></span> <span class='ocrx_word' id='word_1_28' title='bbox 1316 1070 1464 1168; x_wconf 59' lang='lat' dir='ltr'><strong>vultum</strong></span> 
     </span>
    </p>

    <p class='ocr_par' dir='ltr' id='par_1_5' title="bbox 482 1196 1285 1301">
     <span class='ocr_line' id='line_1_5' title="bbox 482 1196 1285 1301; baseline -0.005 -25"><span class='ocrx_word' id='word_1_29' title='bbox 482 1201 718 1300; x_wconf 82' lang='lat' dir='ltr'><strong>Erigoneque</strong></span> <span class='ocrx_word' id='word_1_30' title='bbox 731 1202 795 1301; x_wconf 92' lang='lat' dir='ltr'><strong>pio</strong></span> <span class='ocrx_word' id='word_1_31' title='bbox 810 1211 949 1274; x_wconf 81' lang='lat' dir='ltr'><strong>sacrata</strong></span> <span class='ocrx_word' id='word_1_32' title='bbox 960 1196 1128 1296; x_wconf 80' lang='lat' dir='ltr'><strong>parentis</strong></span> <span class='ocrx_word' id='word_1_33' title='bbox 1144 1221 1285 1273; x_wconf 87' lang='lat' dir='ltr'><strong>amore.</strong></span> 
     </span>
    </p>

    <p class='ocr_par' dir='ltr' id='par_1_6' title="bbox 482 1331 1421 1432">
     <span class='ocr_line' id='line_1_6' title="bbox 482 1331 1421 1432; baseline -0.004 -26"><span class='ocrx_word' id='word_1_34' title='bbox 482 1331 558 1407; x_wconf 88' lang='lat' dir='ltr'><strong>Ter</strong></span> <span class='ocrx_word' id='word_1_35' title='bbox 573 1335 679 1432; x_wconf 85' lang='lat' dir='ltr'><strong>podis</strong></span> <span class='ocrx_word' id='word_1_36' title='bbox 693 1334 826 1410; x_wconf 85' lang='lat' dir='ltr'><strong>offensi</strong></span> <span class='ocrx_word' id='word_1_37' title='bbox 839 1333 943 1430; x_wconf 86' lang='lat' dir='ltr'><strong>signo</strong></span> <span class='ocrx_word' id='word_1_38' title='bbox 955 1343 1011 1404; x_wconf 82' lang='lat' dir='ltr'><strong>est</strong></span> <span class='ocrx_word' id='word_1_39' title='bbox 1022 1341 1194 1404; x_wconf 75' lang='lat' dir='ltr'><strong>revocata</strong></span> <span class='ocrx_word' id='word_1_40' title='bbox 1210 1357 1219 1402; x_wconf 77' lang='grc' dir='ltr'>ε</span> <span class='ocrx_word' id='word_1_41' title='bbox 1234 1341 1294 1402; x_wconf 90' lang='lat' dir='ltr'><strong>ter</strong></span> <span class='ocrx_word' id='word_1_42' title='bbox 1309 1353 1421 1403; x_wconf 90' lang='lat' dir='ltr'><strong>omen</strong></span> 
     </span>
    </p>

    <p class='ocr_par' dir='ltr' id='par_1_7' title="bbox 482 1459 1208 1540">
     <span class='ocr_line' id='line_1_7' title="bbox 482 1459 1208 1540; baseline -0.007 -1"><span class='ocrx_word' id='word_1_43' title='bbox 482 1466 679 1540; x_wconf 81' lang='lat' dir='ltr'><strong>Funereus</strong></span> <span class='ocrx_word' id='word_1_44' title='bbox 691 1468 796 1540; x_wconf 93' lang='lat' dir='ltr'><strong>bubo</strong></span> <span class='ocrx_word' id='word_1_45' title='bbox 811 1465 913 1539; x_wconf 77' lang='lat' dir='ltr'><strong>lenti</strong></span> <span class='ocrx_word' id='word_1_46' title='bbox 929 1463 1097 1538; x_wconf 82' lang='lat' dir='ltr'><strong>carmine</strong></span> <span class='ocrx_word' id='word_1_47' title='bbox 1108 1459 1208 1536; x_wconf 84' lang='lat' dir='ltr'><strong>lecit.</strong></span> 
     </span>
    </p>

    <p class='ocr_par' dir='ltr' id='par_1_8' title="bbox 481 1589 1575 1694">
     <span class='ocr_line' id='line_1_8' title="bbox 481 1589 1575 1694; baseline -0.009 -24"><span class='ocrx_word' id='word_1_48' title='bbox 481 1597 666 1670; x_wconf 82' lang='lat' dir='ltr'><strong>Ittamen:</strong></span> <span class='ocrx_word' id='word_1_49' title='bbox 680 1597 889 1669; x_wconf 80' lang='lat' dir='ltr'><strong>ettenebrae</strong></span> <span class='ocrx_word' id='word_1_50' title='bbox 901 1593 1105 1689; x_wconf 85' lang='lat' dir='ltr'><strong>minuunt,</strong></span> <span class='ocrx_word' id='word_1_51' title='bbox 1120 1615 1275 1687; x_wconf 83' lang='lat' dir='ltr'><strong>noxque</strong></span> <span class='ocrx_word' id='word_1_52' title='bbox 1288 1601 1385 1694; x_wconf 75' lang='lat' dir='ltr'><strong>atra,</strong></span> <span class='ocrx_word' id='word_1_53' title='bbox 1401 1589 1575 1688; x_wconf 85' lang='lat' dir='ltr'><strong>pudorem.</strong></span> 
     </span>
    </p>

    <p class='ocr_par' dir='ltr' id='par_1_9' title="bbox 481 1721 1395 1821">
     <span class='ocr_line' id='line_1_9' title="bbox 481 1721 1395 1821; baseline -0.003 -25"><span class='ocrx_word' id='word_1_54' title='bbox 481 1723 516 1796; x_wconf 87' lang='lat' dir='ltr'>N</span> <span class='ocrx_word' id='word_1_55' title='bbox 517 1725 723 1821; x_wconf 88' lang='lat' dir='ltr'><strong>utricisque</strong></span> <span class='ocrx_word' id='word_1_56' title='bbox 737 1747 895 1798; x_wconf 85' lang='lat' dir='ltr'><strong>manum</strong></span> <span class='ocrx_word' id='word_1_57' title='bbox 909 1723 1005 1796; x_wconf 77' lang='lat' dir='ltr'><strong>laevai</strong></span> <span class='ocrx_word' id='word_1_58' title='bbox 1018 1734 1141 1817; x_wconf 82' lang='lat' dir='ltr'><strong>tenet3</strong></span> <span class='ocrx_word' id='word_1_59' title='bbox 1157 1721 1272 1794; x_wconf 80' lang='lat' dir='ltr'><strong>altem</strong></span> <span class='ocrx_word' id='word_1_60' title='bbox 1287 1732 1395 1794; x_wconf 89' lang='lat' dir='ltr'><strong>motu</strong></span> 
     </span>
    </p>

    <p class='ocr_par' dir='ltr' id='par_1_10' title="bbox 482 1851 1490 1952">
     <span class='ocr_line' id='line_1_10' title="bbox 482 1851 1490 1952; baseline -0.003 -24"><span class='ocrx_word' id='word_1_61' title='bbox 482 1854 632 1928; x_wconf 70' lang='lat' dir='ltr'><strong>Caecum</strong></span> <span class='ocrx_word' id='word_1_62' title='bbox 647 1855 719 1929; x_wconf 89' lang='lat' dir='ltr'><strong>iter</strong></span> <span class='ocrx_word' id='word_1_63' title='bbox 732 1855 913 1952; x_wconf 82' lang='lat' dir='ltr'><strong>explorat.</strong></span> <span class='ocrx_word' id='word_1_64' title='bbox 930 1853 1103 1926; x_wconf 83' lang='lat' dir='ltr'><strong>Thalami</strong></span> <span class='ocrx_word' id='word_1_65' title='bbox 1116 1855 1192 1946; x_wconf 82' lang='lat' dir='ltr'><strong>jam</strong></span> <span class='ocrx_word' id='word_1_66' title='bbox 1206 1851 1343 1926; x_wconf 82' lang='lat' dir='ltr'><strong>limina</strong></span> <span class='ocrx_word' id='word_1_67' title='bbox 1358 1852 1490 1948; x_wconf 75' lang='lat' dir='ltr'><strong>ungit,</strong></span> 
     </span>
    </p>

    <p class='ocr_par' dir='ltr' id='par_1_11' title="bbox 480 1986 1455 2086">
     <span class='ocr_line' id='line_1_11' title="bbox 480 1986 1455 2086; baseline 0.002 -28"><span class='ocrx_word' id='word_1_68' title='bbox 480 1987 641 2082; x_wconf 85' lang='lat' dir='ltr'><strong>Jamque</strong></span> <span class='ocrx_word' id='word_1_69' title='bbox 653 1987 750 2062; x_wconf 82' lang='lat' dir='ltr'><strong>force</strong></span> <span class='ocrx_word' id='word_1_70' title='bbox 762 1990 899 2086; x_wconf 84' lang='lat' dir='ltr'><strong>aperit,</strong></span> <span class='ocrx_word' id='word_1_71' title='bbox 914 1991 990 2082; x_wconf 82' lang='lat' dir='ltr'><strong>jam</strong></span> <span class='ocrx_word' id='word_1_72' title='bbox 1003 1986 1159 2060; x_wconf 85' lang='lat' dir='ltr'><strong>ducitur</strong></span> <span class='ocrx_word' id='word_1_73' title='bbox 1175 1987 1280 2060; x_wconf 88' lang='lat' dir='ltr'><strong>intus</strong></span> <span class='ocrx_word' id='word_1_74' title='bbox 1297 2015 1306 2060; x_wconf 77' lang='grc' dir='ltr'>ε</span> <span class='ocrx_word' id='word_1_75' title='bbox 1321 1999 1359 2060; x_wconf 87' lang='lat' dir='ltr'><strong>at</strong></span> <span class='ocrx_word' id='word_1_76' title='bbox 1371 1987 1455 2060; x_wconf 80' lang='lat' dir='ltr'><strong>illi·</strong></span> 
     </span>
    </p>

    <p class='ocr_par' dir='ltr' id='par_1_12' title="bbox 479 2111 1432 2213">
     <span class='ocr_line' id='line_1_12' title="bbox 479 2111 1432 2213; baseline 0.005 -27"><span class='ocrx_word' id='word_1_77' title='bbox 479 2111 626 2209; x_wconf 89' lang='lat' dir='ltr'><strong>Poplite</strong></span> <span class='ocrx_word' id='word_1_78' title='bbox 640 2115 820 2188; x_wconf 87' lang='lat' dir='ltr'><strong>succiduo</strong></span> <span class='ocrx_word' id='word_1_79' title='bbox 836 2141 957 2213; x_wconf 83' lang='lat' dir='ltr'><strong>genua</strong></span> <span class='ocrx_word' id='word_1_80' title='bbox 969 2115 1220 2211; x_wconf 76' lang='lat' dir='ltr'><strong>intremudre,</strong></span> <span class='ocrx_word' id='word_1_81' title='bbox 1235 2113 1406 2212; x_wconf 79' lang='lat' dir='ltr'><strong>fugitque</strong></span> <span class='ocrx_word' id='word_1_82' title='bbox 1423 2173 1432 2194; x_wconf 90' lang='lat'><strong>.</strong></span> 
     </span>
    </p>

    <p class='ocr_par' dir='ltr' id='par_1_13' title="bbox 479 2239 1517 2344">
     <span class='ocr_line' id='line_1_13' title="bbox 479 2239 1517 2344; baseline 0.005 -31"><span class='ocrx_word' id='word_1_83' title='bbox 479 2239 527 2314; x_wconf 91' lang='lat' dir='ltr'><strong>Et</strong></span> <span class='ocrx_word' id='word_1_84' title='bbox 540 2243 664 2340; x_wconf 89' lang='lat' dir='ltr'><strong>color,</strong></span> <span class='ocrx_word' id='word_1_85' title='bbox 683 2258 720 2317; x_wconf 84' lang='lat' dir='ltr'><strong>et</strong></span> <span class='ocrx_word' id='word_1_86' title='bbox 732 2245 900 2342; x_wconf 80' lang='lat' dir='ltr'><strong>sanguis,</strong></span> <span class='ocrx_word' id='word_1_87' title='bbox 917 2247 1146 2344; x_wconf 83' lang='lat' dir='ltr'><strong>animusque</strong></span> <span class='ocrx_word' id='word_1_88' title='bbox 1160 2244 1345 2341; x_wconf 88' lang='lat' dir='ltr'><strong>relinquit</strong></span> <span class='ocrx_word' id='word_1_89' title='bbox 1356 2255 1517 2318; x_wconf 85' lang='lat' dir='ltr'><strong>euntem.</strong></span> 
     </span>
    </p>

    <p class='ocr_par' dir='ltr' id='par_1_14' title="bbox 482 2372 1496 2473">
     <span class='ocr_line' id='line_1_14' title="bbox 482 2372 1496 2473; baseline 0.005 -30"><span class='ocrx_word' id='word_1_90' title='bbox 482 2372 646 2468; x_wconf 76' lang='lat' dir='ltr'><strong>Quoque</strong></span> <span class='ocrx_word' id='word_1_91' title='bbox 660 2401 729 2448; x_wconf 84' lang='lat' dir='ltr'><strong>suo</strong></span> <span class='ocrx_word' id='word_1_92' title='bbox 742 2376 898 2473; x_wconf 90' lang='lat' dir='ltr'><strong>propior</strong></span> <span class='ocrx_word' id='word_1_93' title='bbox 910 2375 1057 2472; x_wconf 86' lang='lat' dir='ltr'><strong>sceleri,</strong></span> <span class='ocrx_word' id='word_1_94' title='bbox 1069 2376 1188 2473; x_wconf 82' lang='lat' dir='ltr'><strong>magis</strong></span> <span class='ocrx_word' id='word_1_95' title='bbox 1201 2375 1350 2472; x_wconf 86' lang='lat' dir='ltr'><strong>horret,</strong></span> <span class='ocrx_word' id='word_1_96' title='bbox 1365 2387 1403 2448; x_wconf 85' lang='lat' dir='ltr'><strong>et</strong></span> <span class='ocrx_word' id='word_1_97' title='bbox 1415 2377 1496 2470; x_wconf 78' lang='lat' dir='ltr'><strong>auu&#39;</strong></span> 
     </span>
    </p>

    <p class='ocr_par' dir='ltr' id='par_1_15' title="bbox 480 2500 1388 2602">
     <span class='ocr_line' id='line_1_15' title="bbox 480 2500 1388 2602; baseline 0.006 -30"><span class='ocrx_word' id='word_1_98' title='bbox 480 2500 663 2598; x_wconf 82' lang='lat' dir='ltr'><strong>Poenitct3</strong></span> <span class='ocrx_word' id='word_1_99' title='bbox 682 2517 719 2576; x_wconf 89' lang='lat' dir='ltr'><strong>et</strong></span> <span class='ocrx_word' id='word_1_100' title='bbox 732 2505 846 2578; x_wconf 86' lang='lat' dir='ltr'><strong>vellet</strong></span> <span class='ocrx_word' id='word_1_101' title='bbox 860 2529 940 2578; x_wconf 88' lang='lat' dir='ltr'><strong>non</strong></span> <span class='ocrx_word' id='word_1_102' title='bbox 953 2505 1099 2602; x_wconf 83' lang='lat' dir='ltr'><strong>cognita</strong></span> <span class='ocrx_word' id='word_1_103' title='bbox 1113 2529 1220 2602; x_wconf 82' lang='lat' dir='ltr'><strong>posse</strong></span> <span class='ocrx_word' id='word_1_104' title='bbox 1232 2502 1388 2577; x_wconf 84' lang='lat' dir='ltr'><strong>reverti.</strong></span> 
     </span>
    </p>

    <p class='ocr_par' dir='ltr' id='par_1_16' title="bbox 480 2627 1388 2727">
     <span class='ocr_line' id='line_1_16' title="bbox 480 2627 1388 2727; baseline 0 -27"><span class='ocrx_word' id='word_1_105' title='bbox 480 2627 730 2702; x_wconf 81' lang='lat' dir='ltr'><strong>Cunctantem</strong></span> <span class='ocrx_word' id='word_1_106' title='bbox 743 2631 911 2727; x_wconf 68' lang='lat' dir='ltr'><strong>longaeva</strong></span> <span class='ocrx_word' id='word_1_107' title='bbox 927 2655 1044 2702; x_wconf 85' lang='lat' dir='ltr'><strong>manu</strong></span> <span class='ocrx_word' id='word_1_108' title='bbox 1062 2627 1217 2702; x_wconf 88' lang='lat' dir='ltr'><strong>deducit</strong></span> <span class='ocrx_word' id='word_1_109' title='bbox 1233 2656 1242 2700; x_wconf 77' lang='grc' dir='ltr'><strong><em>ε</em></strong></span> <span class='ocrx_word' id='word_1_110' title='bbox 1258 2640 1297 2700; x_wconf 87' lang='lat' dir='ltr'><strong>ct</strong></span> <span class='ocrx_word' id='word_1_111' title='bbox 1312 2628 1388 2701; x_wconf 84' lang='lat' dir='ltr'><strong>alto</strong></span> 
     </span>
    </p>

    <p class='ocr_par' dir='ltr' id='par_1_17' title="bbox 477 2757 1410 2860">
     <span class='ocr_line' id='line_1_17' title="bbox 477 2757 1410 2860; baseline 0.002 -29"><span class='ocrx_word' id='word_1_112' title='bbox 477 2757 681 2836; x_wconf 71' lang='lat' dir='ltr'><strong>Admotum</strong></span> <span class='ocrx_word' id='word_1_113' title='bbox 699 2765 796 2838; x_wconf 88' lang='lat' dir='ltr'><strong>lecto</strong></span> <span class='ocrx_word' id='word_1_114' title='bbox 811 2766 901 2838; x_wconf 82' lang='lat' dir='ltr'><strong>cirm</strong></span> <span class='ocrx_word' id='word_1_115' title='bbox 916 2763 1100 2859; x_wconf 80' lang='lat' dir='ltr'><strong>traderet3</strong></span> <span class='ocrx_word' id='word_1_116' title='bbox 1118 2762 1273 2860; x_wconf 85' lang='lat' dir='ltr'><strong>Accipe,</strong></span> <span class='ocrx_word' id='word_1_117' title='bbox 1291 2761 1410 2856; x_wconf 81' lang='lat' dir='ltr'><strong>dixit3</strong></span> 
     </span>
    </p>

    <p class='ocr_par' dir='ltr' id='par_1_18' title="bbox 478 2887 1463 3122">
     <span class='ocr_line' id='line_1_18' title="bbox 478 2887 1463 2990; baseline 0.008 -32"><span class='ocrx_word' id='word_1_118' title='bbox 478 2887 552 2960; x_wconf 81' lang='lat' dir='ltr'><strong>Ista</strong></span> <span class='ocrx_word' id='word_1_119' title='bbox 569 2901 724 2986; x_wconf 83' lang='lat' dir='ltr'><strong>tuaest,</strong></span> <span class='ocrx_word' id='word_1_120' title='bbox 741 2891 883 2988; x_wconf 81' lang='lat' dir='ltr'><strong>Cinyra</strong></span> <span class='ocrx_word' id='word_1_121' title='bbox 901 2919 909 2966; x_wconf 93' lang='lat'>:</span> <span class='ocrx_word' id='word_1_122' title='bbox 924 2892 1136 2990; x_wconf 83' lang='lat' dir='ltr'><strong>devotaque</strong></span> <span class='ocrx_word' id='word_1_123' title='bbox 1149 2917 1305 2990; x_wconf 83' lang='lat' dir='ltr'><strong>corpora</strong></span> <span class='ocrx_word' id='word_1_124' title='bbox 1318 2891 1463 2987; x_wconf 83' lang='lat' dir='ltr'><strong>junxit.</strong></span> 
     </span>
     <span class='ocr_line' id='line_1_19' title="bbox 527 3017 1400 3122; baseline 0.009 -33"><span class='ocrx_word' id='word_1_125' title='bbox 527 3017 673 3116; x_wconf 86' lang='lat' dir='ltr'><strong>Accipit</strong></span> <span class='ocrx_word' id='word_1_126' title='bbox 684 3021 845 3096; x_wconf 84' lang='lat' dir='ltr'><strong>obsceno</strong></span> <span class='ocrx_word' id='word_1_127' title='bbox 857 3026 1003 3122; x_wconf 78' lang='lat' dir='ltr'><strong>genitor</strong></span> <span class='ocrx_word' id='word_1_128' title='bbox 1016 3051 1084 3098; x_wconf 83' lang='lat' dir='ltr'><strong>sua</strong></span> <span class='ocrx_word' id='word_1_129' title='bbox 1099 3025 1242 3098; x_wconf 78' lang='lat' dir='ltr'><strong>viscera</strong></span> <span class='ocrx_word' id='word_1_130' title='bbox 1257 3023 1353 3097; x_wconf 80' lang='lat' dir='ltr'><strong>lecto</strong></span> <span class='ocrx_word' id='word_1_131' title='bbox 1366 3021 1400 3119; x_wconf 80' lang='lat'><strong>³,</strong></span> 
     </span>
    </p>

    <p class='ocr_par' dir='ltr' id='par_1_19' title="bbox 481 3147 1516 3412">
     <span class='ocr_line' id='line_1_20' title="bbox 481 3147 1516 3252; baseline 0.006 -30"><span class='ocrx_word' id='word_1_132' title='bbox 481 3147 752 3247; x_wconf 72' lang='lat' dir='ltr'><strong>virgineosque</strong></span> <span class='ocrx_word' id='word_1_133' title='bbox 766 3166 890 3228; x_wconf 87' lang='lat' dir='ltr'><strong>metus</strong></span> <span class='ocrx_word' id='word_1_134' title='bbox 905 3153 1023 3252; x_wconf 88' lang='lat' dir='ltr'><strong>levat,</strong></span> <span class='ocrx_word' id='word_1_135' title='bbox 1042 3155 1291 3252; x_wconf 84' lang='lat' dir='ltr'><strong>hortaturque</strong></span> <span class='ocrx_word' id='word_1_136' title='bbox 1304 3155 1516 3230; x_wconf 87' lang='lat' dir='ltr'><strong>timentem.</strong></span> 
     </span>
     <span class='ocr_line' id='line_1_21' title="bbox 521 3331 1514 3412; baseline 0.003 -24"><span class='ocrx_word' id='word_1_137' title='bbox 521 3331 530 3360; x_wconf 88' lang='lat'><strong>¹</strong></span> <span class='ocrx_word' id='word_1_138' title='bbox 556 3331 738 3408; x_wconf 68' lang='lat' dir='ltr'><strong>hemorque-2</strong></span> <span class='ocrx_word' id='word_1_139' title='bbox 751 3335 779 3391; x_wconf 77' lang='lat' dir='ltr'><strong>la</strong></span> <span class='ocrx_word' id='word_1_140' title='bbox 792 3335 873 3393; x_wconf 81' lang='lat' dir='ltr'><strong>soree</strong></span> <span class='ocrx_word' id='word_1_141' title='bbox 883 3335 920 3395; x_wconf 89' lang='lat' dir='ltr'><strong>de</strong></span> <span class='ocrx_word' id='word_1_142' title='bbox 932 3347 1006 3394; x_wconf 87' lang='lat' dir='ltr'><strong>cette</strong></span> <span class='ocrx_word' id='word_1_143' title='bbox 1018 3337 1154 3395; x_wconf 87' lang='lat' dir='ltr'><strong>locution</strong></span> <span class='ocrx_word' id='word_1_144' title='bbox 1164 3336 1314 3412; x_wconf 75' lang='lat' dir='ltr'><strong>poetique.</strong></span> <span class='ocrx_word' id='word_1_145' title='bbox 1328 3337 1514 3412; x_wconf 69' lang='lat' dir='ltr'><strong>hemorque}</strong></span> 
     </span>
    </p>
   </div>
   <div class='ocr_carea' id='block_1_3' title="bbox 477 3427 1517 3611">
    <p class='ocr_par' dir='ltr' id='par_1_20' title="bbox 477 3427 1517 3611">
     <span class='ocr_line' id='line_1_22' title="bbox 478 3427 1517 3511; baseline 0.003 -27"><span class='ocrx_word' id='word_1_146' title='bbox 478 3427 589 3504; x_wconf 79' lang='lat' dir='ltr'><strong>quelles</strong></span> <span class='ocrx_word' id='word_1_147' title='bbox 605 3429 708 3490; x_wconf 79' lang='lat' dir='ltr'><strong>teintcs</strong></span> <span class='ocrx_word' id='word_1_148' title='bbox 726 3434 857 3492; x_wconf 77' lang='lat' dir='ltr'><strong>sombres</strong></span> <span class='ocrx_word' id='word_1_149' title='bbox 875 3435 1106 3494; x_wconf 77' lang='lat' dir='ltr'><strong>rembrunisceut</strong></span> <span class='ocrx_word' id='word_1_150' title='bbox 1125 3455 1158 3492; x_wconf 88' lang='lat' dir='ltr'><strong>ce</strong></span> <span class='ocrx_word' id='word_1_151' title='bbox 1177 3435 1312 3504; x_wconf 72' lang='lat' dir='ltr'><strong>tubleau,</strong></span> <span class='ocrx_word' id='word_1_152' title='bbox 1326 3443 1356 3489; x_wconf 86' lang='lat' dir='ltr'><strong>et</strong></span> <span class='ocrx_word' id='word_1_153' title='bbox 1373 3433 1411 3490; x_wconf 83' lang='lat' dir='ltr'><strong>de</strong></span> <span class='ocrx_word' id='word_1_154' title='bbox 1429 3433 1517 3511; x_wconf 80' lang='lat' dir='ltr'><strong>quclr</strong></span> 
     </span>
     <span class='ocr_line' id='line_1_23' title="bbox 477 3528 1386 3611; baseline 0.01 -31"><span class='ocrx_word' id='word_1_155' title='bbox 477 3531 613 3603; x_wconf 66' lang='lat' dir='ltr'><strong>presaga</strong></span> <span class='ocrx_word' id='word_1_156' title='bbox 627 3528 756 3588; x_wconf 76' lang='lat' dir='ltr'><strong>sinistros</strong></span> <span class='ocrx_word' id='word_1_157' title='bbox 770 3532 798 3587; x_wconf 79' lang='lat' dir='ltr'><strong>la</strong></span> <span class='ocrx_word' id='word_1_158' title='bbox 812 3533 956 3607; x_wconf 82' lang='lat' dir='ltr'><strong>coupable</strong></span> <span class='ocrx_word' id='word_1_159' title='bbox 969 3535 1092 3608; x_wconf 72' lang='lat' dir='ltr'><strong>Myrrha</strong></span> <span class='ocrx_word' id='word_1_160' title='bbox 1104 3546 1148 3591; x_wconf 77' lang='lat' dir='ltr'><strong>est</strong></span> <span class='ocrx_word' id='word_1_161' title='bbox 1160 3535 1386 3611; x_wconf 62' lang='lat' dir='ltr'><strong>accompagn&amp;-</strong></span> 
     </span>
    </p>
   </div>
   <div class='ocr_carea' id='block_1_4' title="bbox 634 3661 1216 3714">
    <p class='ocr_par' dir='ltr' id='par_1_21' title="bbox 634 3661 1216 3714">
     <span class='ocr_line' id='line_1_24' title="bbox 634 3661 1216 3714; baseline 0.009 -7"><span class='ocrx_word' id='word_1_162' title='bbox 634 3661 716 3708; x_wconf 71' lang='lat' dir='ltr'><strong>ntur!</strong></span> <span class='ocrx_word' id='word_1_163' title='bbox 727 3663 750 3708; x_wconf 77' lang='lat' dir='ltr'><strong>lo</strong></span> <span class='ocrx_word' id='word_1_164' title='bbox 761 3664 834 3710; x_wconf 79' lang='lat' dir='ltr'><strong>crime</strong></span> <span class='ocrx_word' id='word_1_165' title='bbox 847 3664 915 3711; x_wconf 67' lang='lat' dir='ltr'><strong>voille</strong></span> <span class='ocrx_word' id='word_1_166' title='bbox 927 3675 951 3712; x_wconf 81' lang='lat' dir='ltr'><strong>ct</strong></span> <span class='ocrx_word' id='word_1_167' title='bbox 965 3681 1008 3712; x_wconf 75' lang='lat' dir='ltr'><strong>rou</strong></span> <span class='ocrx_word' id='word_1_168' title='bbox 1018 3667 1119 3714; x_wconf 79' lang='lat' dir='ltr'><strong>horrent·</strong></span> <span class='ocrx_word' id='word_1_169' title='bbox 1129 3666 1152 3713; x_wconf 81' lang='grc' dir='ltr'><strong>Ιι</strong></span> <span class='ocrx_word' id='word_1_170' title='bbox 1162 3665 1216 3713; x_wconf 79' lang='lat' dir='ltr'><strong>mit.</strong></span> 
     </span>
    </p>
   </div>
   <div class='ocr_carea' id='block_1_5' title="bbox 477 3773 1522 4143">
    <p class='ocr_par' dir='ltr' id='par_1_22' title="bbox 477 3773 1522 3948">
     <span class='ocr_line' id='line_1_25' title="bbox 520 3773 1522 3858; baseline 0.018 -32"><span class='ocrx_word' id='word_1_171' title='bbox 520 3773 533 3803; x_wconf 83' lang='lat'>¹</span> <span class='ocrx_word' id='word_1_172' title='bbox 562 3773 716 3847; x_wconf 78' lang='lat' dir='ltr'><strong>Eleganter</strong></span> <span class='ocrx_word' id='word_1_173' title='bbox 729 3783 822 3850; x_wconf 62' lang='lat' dir='ltr'><strong>poeta</strong></span> <span class='ocrx_word' id='word_1_174' title='bbox 841 3781 980 3854; x_wconf 70' lang='lat' dir='ltr'><strong>exprimit</strong></span> <span class='ocrx_word' id='word_1_175' title='bbox 996 3795 1106 3858; x_wconf 77' lang='lat' dir='ltr'><strong>gestum</strong></span> <span class='ocrx_word' id='word_1_176' title='bbox 1127 3781 1240 3838; x_wconf 82' lang='lat' dir='ltr'><strong>timidoe</strong></span> <span class='ocrx_word' id='word_1_177' title='bbox 1260 3780 1380 3856; x_wconf 62' lang='lat' dir='ltr'><strong>vr&#39;rgiml</strong></span> <span class='ocrx_word' id='word_1_178' title='bbox 1400 3780 1522 3856; x_wconf 64' lang='lat' dir='ltr'><strong>aliquid</strong></span> 
     </span>
     <span class='ocr_line' id='line_1_26' title="bbox 477 3871 794 3948; baseline 0.025 -24"><span class='ocrx_word' id='word_1_179' title='bbox 477 3871 592 3926; x_wconf 74' lang='lat' dir='ltr'><strong>sceleris</strong></span> <span class='ocrx_word' id='word_1_180' title='bbox 605 3893 794 3948; x_wconf 69' lang='lat' dir='ltr'><strong>aggressura.</strong></span> 
     </span>
    </p>

    <p class='ocr_par' dir='ltr' id='par_1_23' title="bbox 477 3959 1518 4143">
     <span class='ocr_line' id='line_1_27' title="bbox 521 3959 1518 4057; baseline 0.024 -36"><span class='ocrx_word' id='word_1_181' title='bbox 521 3959 533 3996; x_wconf 84' lang='lat'><strong>³</strong></span> <span class='ocrx_word' id='word_1_182' title='bbox 557 3968 706 4045; x_wconf 82' lang='lat' dir='ltr'><strong>L&#39;e&#39;nergie</strong></span> <span class='ocrx_word' id='word_1_183' title='bbox 720 3971 757 4028; x_wconf 88' lang='lat' dir='ltr'><strong>de</strong></span> <span class='ocrx_word' id='word_1_184' title='bbox 775 3985 851 4032; x_wconf 85' lang='lat' dir='ltr'><strong>cette</strong></span> <span class='ocrx_word' id='word_1_185' title='bbox 868 3978 1107 4051; x_wconf 76' lang='lat' dir='ltr'><strong>expressionum</strong></span> <span class='ocrx_word' id='word_1_186' title='bbox 1124 3981 1236 4038; x_wconf 66' lang='lat' dir='ltr'><strong>uticem</strong></span> <span class='ocrx_word' id='word_1_187' title='bbox 1250 3995 1331 4057; x_wconf 81' lang='lat' dir='ltr'><strong>pour</strong></span> <span class='ocrx_word' id='word_1_188' title='bbox 1349 3975 1414 4035; x_wconf 69' lang='lat' dir='ltr'><strong>dite</strong></span> <span class='ocrx_word' id='word_1_189' title='bbox 1429 3997 1518 4035; x_wconf 63' lang='lat' dir='ltr'><strong>suam</strong></span> 
     </span>
     <span class='ocr_line' id='line_1_28' title="bbox 477 4059 1098 4143; baseline 0.029 -25"><span class='ocrx_word' id='word_1_190' title='bbox 477 4059 573 4120; x_wconf 67' lang='lat' dir='ltr'><strong>tilium</strong></span> <span class='ocrx_word' id='word_1_191' title='bbox 579 4105 591 4140; x_wconf 82' lang='lat'><em>,</em></span> <span class='ocrx_word' id='word_1_192' title='bbox 607 4066 722 4143; x_wconf 74' lang='lat' dir='ltr'><strong>etpond</strong></span> <span class='ocrx_word' id='word_1_193' title='bbox 735 4069 752 4128; x_wconf 78' lang='lat' dir='ltr'><strong>i</strong></span> <span class='ocrx_word' id='word_1_194' title='bbox 766 4071 930 4132; x_wconf 71' lang='lat' dir='ltr'><strong>l’tnormite</strong></span> <span class='ocrx_word' id='word_1_195' title='bbox 942 4073 985 4134; x_wconf 87' lang='lat' dir='ltr'><strong>du</strong></span> <span class='ocrx_word' id='word_1_196' title='bbox 998 4074 1098 4136; x_wconf 82' lang='lat' dir='ltr'><strong>crime.</strong></span> 
     </span>
    </p>
   </div>
   <div class='ocr_carea' id='block_1_6' title="bbox 0 0 1618 5336">
    <p class='ocr_par' dir='ltr' id='par_1_24' title="bbox 0 0 1618 5336">
     <span class='ocr_line' id='line_1_29' title="bbox 0 0 1618 5336; baseline 0 2"><span class='ocrx_word' id='word_1_197' title='bbox 0 0 1618 5336; x_wconf 95' lang='lat' dir='ltr'><strong> </strong></span> 
     </span>
    </p>
   </div>
  </div>
 </body>
</html>
