3178 5312
429 631 500 706 ⁹92
543 623 629 678 nes
657 591 1095 678 nirnuonrnosns
1124 617 1353 701 noune,

428 769 538 846 Sacra
551 774 786 842 retorserunt
799 761 925 835 oculos
945 791 952 834 :
972 763 1184 862 turritaque
1197 767 1316 844 Mater
1333 779 1366 870 ¹,

427 894 490 968 An
507 895 631 992 stygis
647 905 789 988 sontes,
808 889 1017 986 dubitavit,
1034 908 1219 989 mergeret
1233 897 1349 972 undat.

374 999 378 1010 '
426 1025 545 1100 Poena
559 997 654 1099 ievs
669 1025 752 1101 visa
768 1035 834 1096 est.
854 1011 1328 1118 Ergomodtlaeviafulvae

427 1151 530 1226 Colla
542 1154 642 1248 jubae
657 1153 784 1226 velant
801 1148 933 1246 :digiti
945 1164 1157 1225 curvantur
1172 1156 1214 1226 in
1231 1179 1389 1254 ungues.

424 1283 486 1358 Ex
496 1283 667 1360 humeris
680 1283 777 1358 armi
791 1279 891 1354 fiunt
907 1309 915 1354 :
935 1283 977 1354 in
992 1295 1142 1380 pectora
1157 1295 1283 1359 totum
1462 1394 1472 1402 ι

423 1414 577 1490 Pondus
590 1413 668 1488 abit
686 1439 867 1487 :summae
883 1413 1002 1486 cando
1019 1427 1230 1488 verruntur
1245 1441 1380 1514 arente.

422 1523 523 1620 him
540 1542 671 1616 wiltrrs
687 1541 800 1614 habet
817 1571 824 1614 :
840 1567 911 1638 pro
928 1543 1054 1616 verbis
1070 1569 1271 1619 murmura
1283 1547 1475 1649 reddunt;

421 1677 497 1752 Pro
511 1676 686 1750 thalamis
702 1674 891 1747 celebrant
903 1674 1041 1747 silvas:
1057 1673 1216 1770 aliisque
1230 1677 1417 1778 timendi,

421 1809 544 1884 Dente
560 1815 740 1904 premunt
753 1803 897 1876 domito
914 1802 1087 1900 Cybeleia
1099 1801 1213 1876 fraena
1229 1804 1366 1879 leones.

422 1938 501 2014 Hos
514 1951 578 2034 tu,
593 1963 676 2011 care
689 1934 806 2031 mihi,
819 1957 983 2029 cumque
994 1932 1056 2005 his
1069 1958 1184 2029 genus
1199 1959 1311 2006 omne
1324 1933 1495 2013 serarum

422 2069 518 2156 Quae
531 2095 611 2142 non
629 2081 728 2164 terga
739 2065 854 2163 fugae,
871 2063 934 2137 sed
949 2089 1084 2162 pugnae
1097 2077 1248 2162 pectora
1260 2068 1452 2172 prebent,

419 2199 549 2298 Effuge
567 2229 574 2274 :
591 2225 640 2273 ne
653 2199 777 2274 virtus
790 2209 857 2271 tua
869 2197 918 2272 sit
930 2197 1110 2272 damnosa
1124 2199 1287 2274 duobus.

468 2334 536 2409 Illa
553 2333 710 2430 quidem
727 2332 895 2428 monuit,
914 2331 1130 2428 junctisque
1146 2357 1215 2428 per
1227 2335 1464 2432 atrecygnis

417 2463 547 2560 Carpit
561 2463 633 2535 iter
650 2489 657 2535 :
673 2461 735 2534 sed
754 2472 827 2533 stat
838 2459 993 2532 monitis
1007 2459 1195 2531 contraria
1208 2460 1334 2534 virtus
1350 2473 1377 2536 ¹.

417 2591 528 2664 Forte
542 2617 649 2663 suem
661 2589 829 2685 latebris,
846 2589 1001 2685 vestigia
1017 2601 1117 2661 certa
1132 2591 1270 2687 secuti,

416 2717 601 2793 Exmvsre
615 2743 743 2811 canes3
763 2716 943 2812 silvisque
956 2717 1060 2790 exire
1073 2717 1267 2815 parantem

416 2847 571 2922 Fixerat
580 2845 735 2942 obliquo
751 2845 901 2940 juvenis
917 2846 1117 2944 Cinyreius
1133 2850 1225 2926 ictu.

416 2975 595 3050 Protinus
612 2975 776 3048 excussit
788 2975 912 3072 pando
930 2979 1117 3052 venabula
1133 2994 1271 3080 rostro,

418 3103 606 3200 Sanguine
616 3103 736 3174 tincta
750 3127 818 3176 suo
836 3132 844 3177 :
861 3106 1149 3207 trepidumque,
1167 3124 1203 3184 et
1215 3123 1297 3186 tuta
1309 3127 1503 3212 petentem

1506 1999 1516 2037 7

461 3311 471 3343 ¹
499 3311 603 3385 Cybele
615 3312 719 3369 eadem
733 3332 798 3374 cum
813 3315 927 3404 Tellure
937 3329 1059 3393 putatio
1071 3339 1142 3378 csse.
1155 3325 1270 3381 Alludie
1282 3325 1402 3386 Ovidius
1412 3334 1459 3414 ⁰¹¹.

417 3425 554 3464 coronam
572 3410 694 3466 turribus
708 3411 890 3486 insignitam,
905 3433 973 3490 quoe
989 3417 1034 3472 itti
1048 3419 1212 3477 attribuitur
1224 3423 1246 3478 ὰ
1254 3427 1362 3499 potius.
1377 3427 1458 3485 Hine

421 3509 591 3566 Lucretius:

575 3641 714 3714 Muralique
725 3663 800 3716 caput
809 3669 928 3704 staminum
940 3655 1041 3706 cinxere
1053 3657 1143 3708 corond
1148 3695 1157 3720 ,

576 3730 617 3775 Ετ
628 3728 681 3776 umis
692 3730 785 3778 munita
796 3731 852 3780 Iocis
865 3733 934 3796 quiid
940 3735 1039 3784 sustinet
1049 3739 1136 3788 urbes:
1147 3765 1150 3774 ι

580 3809 633 3870 Quo
644 3823 709 3854 nunc
720 3809 808 3874 insigni
813 3828 861 3876 per
871 3828 973 3878 magnas
979 3815 1087 3878 proedita
1099 3829 1173 3866 terras
1179 3853 1189 3876 ,

578 3887 783 3953 Horrifietfirtur
792 3890 879 3940 «Ιένίηιε
890 3893 973 3941 matris
983 3894 1072 3961 unago.

454 4018 469 4052 ⁵
490 4019 571 4077 Cette
582 4019 722 4083 reflexion
731 4024 806 4098 jette
818 4047 854 4085 en
866 4041 986 4104 pessunt
999 4035 1123 4108 prepare
1136 4035 1163 4090 lc
1177 4039 1375 4112 catastrophe.
