3196 5346
435 631 507 708 154
550 649 634 706 Les
662 621 1106 707 Memonvnoses
1133 649 1366 730 nonne,

434 791 517 887 Nil,
534 791 607 863 nisi
621 793 697 887 jam
711 791 863 885 faeiem,
878 789 982 886 quod
990 815 1069 864 non
1081 789 1179 866 soret
1187 797 1317 892 arbor,
1333 797 1522 894 habebas,

435 921 527 994 Cara
541 947 647 994 soror
664 929 688 994 ¹.
707 921 899 1016 Lacrymae
912 918 1050 992 misero
1062 917 1111 992 de
1123 945 1278 1018 corpore
1292 922 1398 998 factis

435 1049 605 1122 irrorent
620 1057 632 1085 ¹
646 1047 745 1121 soliis
764 1073 851 1143 zac,
869 1045 964 1122 dum
977 1046 1083 1143 licet,
1099 1072 1239 1145 oraque
1252 1063 1432 1146 praestant
1491 1071 1494 1078 ·

398 1274 403 1297 1
432 1181 544 1255 Vocis
559 1187 649 1278 iter,
667 1181 757 1254 tales
774 1179 936 1254 effundit
948 1181 991 1254 in
1005 1186 1089 1254 aera
1103 1194 1271 1278 questus.

483 1311 523 1383 Si
540 1337 615 1406 qua
627 1309 717 1385 fides
734 1311 901 1406 miseris,
920 1309 994 1386 hoc
1006 1337 1068 1384 me
1084 1336 1152 1407 per
1168 1312 1329 1386 numina
1342 1315 1432 1408 juro

432 1437 518 1513 Non
531 1440 713 1513 meruisse
726 1437 740 1478 ³
756 1437 860 1512 nefas
875 1466 883 1512 ε
898 1437 1023 1535 patior
1036 1437 1119 1512 sine
1134 1437 1295 1514 crimine
1308 1465 1479 1536 poenam.

433 1569 611 1642 Viximus
625 1570 798 1642 innocuae
815 1597 823 1642 :
840 1570 873 1640 si
886 1566 1070 1664 mentior,
1086 1566 1191 1642 arida
1205 1567 1383 1664 peulam,

435 1705 538 1791 Quas
556 1703 695 1798 habeo,
714 1701 866 1776 frondes
876 1733 888 1799 ;
909 1715 946 1776 et
958 1729 1051 1778 caesa
1064 1701 1259 1776 securibus
1272 1727 1377 1776 urar.

432 1835 547 1910 Hunc
560 1846 685 1907 tamen
696 1833 882 1906 infantem
894 1835 1075 1908 maternis
1087 1832 1226 1908 demite
1239 1833 1372 1928 ramis,

432 1962 480 2036 Et
495 1962 579 2036 date
592 1962 735 2035 nutrici
752 1990 761 2037 ε
777 1961 979 2058 nostrique
994 1961 1065 2034 sub
1077 1961 1211 2036 arbore
1224 1985 1320 2057 saepe

431 2093 504 2166 Lae
518 2092 665 2166 facitote
680 2092 801 2188 bibat,
819 2093 1021 2189 nostrique
1034 2093 1105 2166 sub
1118 2093 1252 2167 arbore
1265 2091 1389 2168 ludat.

433 2229 606 2326 Cnmque
619 2227 725 2325 loqui
738 2226 897 2326 poterit,
914 2237 1075 2300 matrem
1088 2225 1237 2300 facitote
1253 2225 1402 2300 salutet.

432 2357 481 2430 Et
493 2358 609 2432 tristis
622 2358 740 2455 dicat3
759 2359 866 2432 Latet
880 2356 955 2431 hoc
967 2358 1038 2432 sub
1052 2357 1180 2458 stipite
1196 2369 1329 2432 mater.

432 2487 565 2584 Stagna
581 2499 708 2562 tamen
720 2488 867 2584 timeat,
886 2513 958 2560 nee
971 2499 1099 2585 carpat
1110 2491 1160 2562 eb
1171 2489 1305 2564 arbore
1319 2489 1430 2564 flores
1442 2547 1458 2590 ,

431 2617 480 2690 Et
496 2617 650 2692 frutices
663 2619 678 2666 ⁴
694 2643 825 2694 omnes
838 2643 974 2715 corpus
987 2628 1096 2716 putet
1108 2643 1185 2697 esse
1195 2620 1375 2697 Densum.

433 2746 543 2840 Care,
561 2747 663 2843 vale,
682 2748 844 2844 eonjux,
864 2761 901 2821 et
915 2759 960 2822 tu
972 2773 1165 2846 gennem,
1183 2761 1379 2848 paterque.

357 2895 367 2903 ·
433 2873 529 2960 Quis
543 2875 575 2946 si
592 2901 667 2972 qua
681 2888 736 2950 est
747 2875 884 2976 pietas,
902 2879 949 2950 ab
961 2890 1080 2954 ecutae
1095 2880 1255 2962 vnlnere
1268 2879 1391 2976 falcis,

433 3007 467 3080 A
481 3007 626 3103 pecoris
641 3033 789 3106 morsu,
808 3008 961 3085 frondes
975 3010 1164 3087 defendite
1177 3024 1333 3087 nostras.

435 3138 482 3210 Et
495 3139 676 3236 quoniam
693 3139 791 3214 mihi
804 3137 858 3214 fas
871 3138 918 3213 ad
932 3164 1001 3214 vos
1014 3138 1234 3214 incumbere
1248 3163 1327 3212 non
1341 3151 1418 3236 est,

478 3336 487 3366 ¹
513 3336 695 3413 Apostrophe
711 3335 772 3412 qud
787 3339 851 3394 Iole
867 3337 1015 3413 significat
1032 3357 1064 3396 se
1078 3357 1148 3395 cam
1165 3336 1271 3394 soron's
1288 3333 1473 3394 vehementer

436 3435 543 3492 dolere.
931 3427 940 3451 '⁴

477 3549 490 3580 ¹
512 3547 667 3621 Lactymoe
682 3549 856 3606 torismodo
870 3551 982 3608 stillant
993 3547 1123 3620 infolio.

478 3649 491 3688 ³
515 3657 573 3714 Pro
585 3677 619 3714 eo
630 3661 711 3734 quod
718 3661 855 3736 sequetur,
868 3661 903 3716 id
911 3661 992 3736 quod
1001 3661 1160 3732 antecedit,
1167 3660 1297 3738 postium
1308 3671 1361 3715 est.
1374 3659 1471 3736 Nq'as

439 3773 566 3828 namque
581 3767 609 3811 et
619 3759 711 3813 scelus
716 3757 877 3832 praecedic,
891 3759 1018 3834 sequitur
1027 3759 1210 3834 supplicium.

477 3863 491 3909 4
510 3866 638 3963 Frueces
647 3907 657 3934 ,
674 3870 731 3922 siva
750 3869 918 3926 arbusculas
936 3891 1046 3928 omnes.
1080 3873 1132 3928 Est
1145 3873 1221 3928 enim
1235 3875 1341 3948 frutex
1360 3875 1474 3930 medc‘us

436 3965 510 4020 inter
521 3963 637 4020 arbores
650 3963 812 4023 caterbas:
826 3985 895 4024 nam
906 3987 999 4045 neque
1004 3971 1138 4045 pervenit
1148 3973 1192 4026 ad
1203 3973 1315 4031 arboris
1327 3975 1472 4050 magnitu-

436 4062 553 4134 dinem,
569 4081 621 4120 nec
632 4075 665 4121 ut
673 4062 763 4124 herba
768 4085 829 4144 per
839 4065 974 4144 hyemem
987 4069 1098 4154 areseit.
1113 4069 1256 4130 narnate.
