3252 5348
425 591 470 642 22
538 581 622 640 irs
651 551 1087 636 niranonrnosns
1118 578 1348 662 norme,

422 728 602 826 Imposita
619 734 692 819 est,
710 721 876 820 geminas
889 717 1018 816 opifex
1031 721 1189 796 libravit
1201 725 1244 799 in
1256 729 1331 801 alas

422 863 505 960 Ipse
519 886 631 935 suum
646 882 782 953 corpus
799 882 807 927 :
822 851 998 950 motique
1011 853 1192 950 pependit
1204 857 1248 931 in
1259 860 1352 933 aure
1367 868 1392 936 ¹.

423 991 586 1090 Instruit
599 1002 636 1062 et
650 999 803 1084 natum,
820 983 1024 1081 Medioque
1035 994 1081 1057 ut
1094 983 1215 1060 limite
1228 1014 1379 1086 cunae,

423 1125 544 1217 lcare,
562 1119 633 1214 ait,
653 1141 789 1191 moneo
806 1143 815 1189 ι
830 1141 905 1212 ne,
920 1114 952 1187 si
968 1111 1166 1206 demissior
1180 1117 1274 1215 ibis,

424 1247 535 1322 Unda
546 1258 674 1346 gravet
686 1271 849 1344 pennas3
865 1244 898 1318 si
910 1242 1062 1340 celsior,
1081 1244 1178 1342 ignis
1191 1245 1339 1322 adurat.

425 1379 533 1452 Inter
547 1388 756 1474 utrumque
768 1375 867 1450 vola.
884 1375 962 1450 ,Nec
975 1386 1013 1449 te
1026 1388 1191 1474 spectare
1204 1377 1370 1475 Booten,

424 1510 503 1584 Ant
516 1487 673 1621 Helicen
688 1508 822 1604 jubeo,
838 1505 1062 1579 strictumve
1077 1505 1233 1581 Orionis
1246 1532 1386 1581 ensem.

377 1735 380 1744 Ι
425 1641 487 1716 Me
502 1640 616 1740 duce,
632 1667 742 1740 carpe
758 1641 874 1714 viam.
892 1640 1038 1714 Pariter
1051 1653 1236 1740 praecepta
1252 1641 1408 1716 volandi

425 1770 579 1868 Tradit,
599 1785 636 1846 et
652 1771 794 1868 ignotas
810 1769 981 1844 humeris
994 1769 1248 1844 accommodat
1259 1769 1347 1844 alas.
1375 1799 1377 1804 ·

426 1899 532 2006 Inter
544 1928 639 2000 opus
655 1902 920 1999 monitusque,
939 1925 1042 1998 genae
1055 1901 1234 1980 madudre
1247 1901 1381 1976 seniles
1396 1909 1429 1999 ⁸,

426 2033 474 2106 Et
483 2033 614 2130 patriae
628 2033 815 2107 tremudre
827 2049 977 2108 manner
995 2034 1111 2109 Dedit
1123 2035 1249 2109 osenla
1260 2047 1350 2109 nato

425 2165 512 2238 Non
526 2165 667 2242 iterum
680 2164 881 2262 repetenda
894 2191 964 2238 suo
982 2193 990 2237 ε
1006 2166 1221 2263 pennisque
1232 2166 1380 2238 levatus

426 2297 525 2371 Ante
538 2299 658 2393 volat,
674 2295 880 2392 comitique
892 2295 1014 2368 timet.
1030 2295 1145 2368 Velut
1157 2297 1249 2392 ales,
1264 2297 1311 2368 ab
1324 2296 1399 2368 alto

427 2427 522 2520 Quae
538 2433 706 2500 teneram
721 2425 868 2522 prolem
882 2422 1061 2521 producit
1073 2424 1116 2496 in
1132 2429 1217 2498 adra
1229 2425 1322 2498 nido
1337 2421 1371 2519 ³3

427 2555 687 2651 Hortaturqne
698 2549 826 2650 sequi,
842 2554 1116 2653 damnosasque
1128 2555 1257 2630 erudit
1268 2569 1384 2631 ortes:

427 2686 475 2758 Et
491 2695 619 2758 movet
634 2685 715 2782 ipse
732 2709 836 2779 suns,
854 2697 891 2758 et
903 2684 984 2757 nati
995 2685 1149 2782 respicit
1161 2686 1247 2761 atas.

427 2814 506 2886 Hos
519 2813 675 2910 aliquis,
693 2811 857 2900 tremulat
872 2812 967 2886 dum
981 2825 1106 2912 captat
1118 2813 1307 2888 arundine
1319 2814 1458 2913 pisces,

317 3033 320 3040 Δ
428 2942 508 3014 Aut
524 2953 650 3040 pastor
664 2941 818 3038 bacato,
837 2941 983 3018 stirdve
999 2943 1161 3019 innixus
1176 2956 1318 3043 arator,

471 3129 481 3158 ¹
503 3127 542 3181 In
553 3143 623 3182 aere
635 3126 692 3182 alis
704 3127 823 3201 agitato.

472 3227 485 3256 ⁸
508 3224 632 3294 Seniles,
642 3229 763 3300 patrica.
780 3228 834 3282 Ces
847 3223 989 3300 epithdtes
1004 3235 1073 3283 sont
1087 3224 1161 3283 d’nn
1175 3224 1248 3303 godt
1261 3225 1373 3300 exquir.
1391 3225 1468 3284 Elles

429 3319 560 3377 tiennent
574 3337 614 3378 tn
628 3325 776 3380 caractere
788 3323 826 3380 de
837 3323 952 3400 l'image
964 3336 993 3380 et
1005 3324 1042 3381 de
1054 3324 1083 3381 la
1096 3324 1248 3384 situation.
1261 3325 1326 3380 Une
1340 3325 1467 3398 tpithdte

429 3418 500 3494 qni,
513 3419 587 3477 dans
599 3422 626 3478 le
640 3422 733 3498 style,
747 3441 784 3479 ne
797 3423 983 3480 contribneai
994 3423 1110 3481 donner
1122 3424 1138 3480 ὲ
1151 3423 1179 3480 la
1193 3425 1299 3498 penste
1311 3422 1342 3479 ni
1352 3425 1419 3498 plus
1430 3425 1467 3480 de

428 3519 526 3584 force,
542 3516 572 3573 ni
585 3517 653 3592 plns
671 3517 707 3575 de
726 3536 829 3595 grace,
848 3529 952 3576 estun
971 3529 1034 3575 mot
1053 3515 1190 3594 parasite.
1209 3519 1311 3575 Obstat
1325 3519 1469 3594 quidquid

430 3634 488 3672 non
506 3617 634 3688 otlJ'uvat.
657 3617 734 3674 C’est
754 3635 797 3676 un
812 3617 946 3693 principe
963 3616 1037 3694 qn'il
1053 3634 1091 3674 ne
1105 3615 1170 3674 faut
1184 3613 1290 3688 jamnis
1305 3614 1413 3692 per-dre
1430 3615 1467 3670 de

429 3725 498 3769 rue.

472 3801 485 3840 ³
508 3809 533 3864 11
544 3827 564 3883 y
577 3825 663 3884 apen
675 3808 713 3867 de
722 3809 824 3888 portes
835 3812 914 3870 aussi
927 3811 1020 3870 riehes
1033 3833 1071 3870 en
1081 3813 1301 3888 comparaisons
1311 3811 1469 3888 qu’Oride.

428 3904 483 3962 Les
496 3904 609 3962 riennes
621 3907 687 3963 font
699 3909 836 3971 ressontir
846 3910 965 3987 tobjet,
976 3923 1005 3972 et
1018 3911 1211 3982 embellissent
1224 3912 1250 3969 le
1264 3909 1334 3970 rc'cit
1349 3931 1415 3968 sans
1428 3933 1466 3967 en

380 4081 385 4094 ,
428 4003 549 4063 relentir
562 4005 590 4064 la
603 4005 728 4064 marche.
