3230 5348
424 651 497 730 254
538 667 623 724 ons
651 639 1089 724 uirrnoarnosrs
1120 641 1353 746 novior,

422 817 586 892 Horrida
598 817 762 892 caesarics
775 815 858 890 fieri
877 842 885 888 ε
903 825 1104 911 sumtoque
1120 814 1262 916 rigore,
1307 803 1310 814 ’

422 947 619 1024 sidereum
635 948 762 1047 gracili
776 957 939 1045 spectare
952 947 1146 1022 cacumine
1163 949 1316 1028 coelum.

422 1078 630 1178 Ingemuit,
648 1077 841 1176 tristisque
853 1080 974 1175 Deus,
992 1077 1183 1176 Lugebcre
1200 1081 1327 1178 nobis,

420 1209 655 1312 Lugebisqua
666 1211 777 1312 alios,
793 1211 994 1310 aderisque
1003 1209 1237 1310 dolentibus,
1256 1213 1384 1311 inquit
1400 1221 1431 1290 ¹.

531 1437 603 1514 vl.
633 1441 869 1540 Ganymedis
886 1454 1037 1541 raptum
1053 1444 1159 1516 canit
1176 1445 1356 1542 orpheus.

470 1649 593 1725 Tana
608 1679 743 1728 nemus
755 1667 858 1728 vates
873 1665 1112 1728 contraxerat
1129 1683 1136 1729 :
1153 1655 1271 1751 inque
1286 1652 1457 1728 ferarum

424 1781 608 1882 Concilio,
626 1785 774 1860 medius
788 1787 930 1882 turbae,
945 1785 1224 1884 volucrumque
1240 1785 1401 1862 sedebat.

424 1911 476 1984 Ut
488 1913 574 1986 satis
591 1913 772 2013 impulsas
788 1915 950 1988 tentavit
965 1915 1100 2012 pollice
1116 1915 1293 2013 chordas3

424 2041 471 2114 Et
487 2043 603 2118 sensit
618 2046 761 2142 varios,
779 2044 955 2142 quamvis
971 2041 1120 2118 diversa
1136 2057 1331 2142 sonarent,
1392 2039 1399 2054 ⁴

425 2175 660 2252 Concordare
672 2177 826 2274 modos,
840 2177 916 2251 hoc·
928 2203 1060 2252 vocem
1073 2179 1239 2252 carmine
1252 2176 1369 2276 rupit.

471 2307 530 2382 Ab
540 2309 634 2384 Jove
644 2367 653 2404 ,
662 2309 770 2383 Musa
776 2335 910 2408 parcns
922 2317 947 2406 ⁸,
958 2287 1212 2384 ceduntloiis
1219 2309 1348 2384 omnia
1355 2335 1494 2408 regno,

425 2436 601 2510 Carmina
614 2450 741 2512 nostra
753 2461 876 2514 move.
896 2437 1001 2510 lovis
1011 2449 1067 2510 est
1080 2436 1178 2511 mihi
1193 2462 1289 2533 saepe
1302 2447 1467 2534 potestas.

425 2567 534 2642 Dicta
549 2571 657 2666 prius
674 2599 683 2644 :
700 2570 819 2644 cecini
832 2569 975 2668 plectro
991 2569 1161 2666 graviore
1177 2568 1368 2666 Gigantas,

426 2697 632 2796 Sparsaque
647 2697 847 2798 Phlegraeis
862 2675 1034 2774 victricia
1049 2697 1212 2773 fulmina
1228 2697 1367 2795 campis
1382 2695 1408 2773 ³.

426 2828 535 2902 Nunc
550 2854 644 2926 opus
657 2839 711 2900 est
722 2827 865 2901 leviore
878 2827 961 2926 lyra
977 2856 985 2901 :
1004 2853 1217 2926 puerosque
1229 2852 1412 2902 canamus.

426 2957 589 3032 Dilectae
605 2959 776 3056 Superis,
795 2957 1095 3056 inconcessisque
1112 2957 1254 3056 puellas

289 3095 293 3103 '
427 3087 579 3184 Ignibus
592 3091 771 3165 attonitas
784 3091 967 3165 meruisse
982 3089 1144 3164 libidine
1157 3114 1324 3186 poenam.

427 3215 510 3288 Rex
524 3217 710 3316 Superum
723 3220 878 3320 Phrygii
891 3219 1086 3320 quondam
1099 3215 1328 3316 Ganymedis
1342 3241 1475 3290 autore

428 3341 531 3416 Arsit
542 3371 549 3414 ε
560 3343 805 3423 etinventum
819 3357 874 3420 cst
883 3347 1051 3446 aliquid,
1064 3345 1166 3445 quod
1178 3343 1352 3443 luppiter
1365 3369 1460 3444 esse,

429 3477 554 3563 Qussam
567 3478 670 3575 quod
685 3493 782 3579 erat,
798 3479 926 3554 mallet
943 3509 950 3554 :
967 3478 1073 3554 nulli
1085 3492 1210 3552 tamen
1223 3473 1310 3549 alite
1326 3475 1424 3547 verti

475 3677 484 3707 ¹
510 3679 573 3734 Hoc
587 3697 626 3734 ex
637 3677 774 3735 flamm
786 3679 991 3736 conscendito
1003 3679 1119 3736 dictum.
1133 3678 1214 3734 Nom
1229 3671 1378 3748 cupressus
1387 3674 1467 3728 rami

431 3779 587 3850 anteferas
597 3778 701 3836 domus
713 3779 745 3834 in
758 3777 818 3854 qud
829 3791 904 3834 esset
916 3779 1043 3833 mdaver
1046 3776 1242 3852 ponebantur.

474 3879 487 3907 ¹
509 3880 653 3953 Apollinis
664 3891 694 3935 et
705 3877 850 3954 Calliopes
860 3879 1061 3950 musoefilc'um
1074 3896 1105 3933 sc
1118 3893 1179 3932 erse
1192 3869 1323 3948 Orpheus
1334 3871 1396 3946 ipse
1407 3882 1464 3926 tes·

433 3985 519 4032 tatur.

475 4069 489 4106 ³
517 4075 573 4130 Ubi
574 4073 752 4149 fulminibus
764 4077 887 4152 torfacti
886 4076 980 4151 sut'rc
989 4076 1131 4154 gigantas.
