3242 5348
446 557 495 638 86
560 575 643 632 nus
673 545 1109 628 nicanonnnosus
1142 522 1373 646 nonme,x

445 724 611 820 Plusque
625 720 748 818 cupit,
764 744 843 816 quo
854 717 964 815 plura
977 744 1083 792 suam
1095 718 1262 794 demittit
1275 723 1318 796 in
1331 721 1476 796 alvum.

446 849 574 947 thue
587 849 727 922 fretum
739 845 872 943 recipit
884 844 930 916 de
942 845 1019 918 total
1031 845 1192 920 flumina
1204 845 1323 944 terri,

448 981 523 1056 Nec
539 980 695 1054 satiatur
706 979 831 1076 aquis,
850 976 1139 1074 peregrinosque
1154 976 1270 1052 ebibit
1281 1003 1432 1074 amnem

448 1105 577 1204 thue
588 1131 705 1202 rapax
721 1103 817 1202 ignis
829 1127 908 1176 non
925 1129 1096 1200 unquam
1109 1103 1286 1180 alimenta
1298 1116 1443 1182 recusat
1448 1137 1466 1203 ,·

449 1237 748 1330 Innumerasque
765 1232 861 1304 laces
873 1244 1012 1304 cremat
1021 1262 1034 1330 5
1052 1243 1089 1305 et
1101 1259 1178 1330 quo
1191 1235 1297 1334 copia
1312 1236 1433 1332 major

449 1365 515 1440 Est
528 1364 632 1460 data,
650 1363 758 1460 plura
771 1362 884 1460 petit;
899 1361 1086 1458 turbatque
1098 1363 1270 1438 voracior
1281 1362 1362 1462 ipsi
1373 1373 1449 1460 est;

451 1496 511 1570 Sic
524 1495 651 1593 epulas
664 1518 796 1567 omnes
810 1491 1088 1566 Erisichthonis
1103 1519 1169 1566 ora
1182 1491 1331 1592 profani

450 1629 671 1726 Accipiunt,
686 1639 921 1724 poscuntque
937 1627 1067 1704 simul.
1084 1627 1200 1702 Cibus
1215 1627 1340 1704 omnis
1353 1627 1397 1702 in
1408 1625 1478 1700 illo

451 1759 569 1832 Causa
580 1755 655 1830 cibi
668 1771 723 1830 est
741 1786 748 1830 :
763 1783 984 1858 semperque
997 1759 1103 1834 locus
1117 1759 1161 1836 fit
1173 1759 1301 1834 inanis
1314 1757 1475 1834 edendo.

499 1953 591 2026 XX.
627 1955 768 2026 Vanus
792 1953 974 2026 induendi
991 1951 1143 2054 formos
1160 1952 1391 2055 facultatem
1415 1955 1444 2025 cl

462 2101 464 2105 ‘
589 2085 762 2179 Neptuno
778 2085 954 2180 impetrat
968 2081 1356 2181 Ensicltthonisfilia.

359 2261 365 2268 ’
501 2276 662 2362 Jamque
674 2273 771 2348 fame
784 2274 922 2372 paulas
934 2273 1075 2374 altique
1090 2275 1265 2376 vomgine
1278 2273 1422 2350 ventris
1438 2278 1470 2370 ¹,

452 2403 674 2480 Attenuant
684 2381 772 2502 opes
792 2405 878 2478 :sed
896 2393 1129 2482 inattenuata
1141 2410 1318 2484 manebas

452 2536 554 2609 Tum
568 2562 741 2633 quoque,
757 2535 841 2608 dira
853 2535 986 2634 fames,
1005 2538 1286 2636 implacataeque
1298 2537 1448 2635 vigebat

451 2669 617 2744 Flamma
629 2671 738 2768 gulae.
756 2667 926 2742 Tandem
939 2727 950 2765 ,
965 2669 1127 2746 demisso
1140 2676 1182 2744 in
1195 2671 1339 2746 viscera
1350 2694 1488 2764 censu,

451 2797 546 2872 Filia
560 2800 740 2894 restabat,
761 2823 839 2869 non
853 2797 919 2870 illo
932 2795 1044 2894 digna
1060 2812 1234 2894 parente:

452 2927 560 3000 Hanc
569 2951 722 3024 quoqne
730 2925 864 2999 vendit
871 2929 995 3024 inops.
1007 2927 1218 3002 Dominum
1225 2937 1573 3025 generosarecusat3

452 3059 501 3132 Et
515 3055 642 3130 vicina
654 3081 738 3129 suas
751 3054 909 3130 tendens
922 3084 1036 3156 super
1048 3083 1200 3158 sequora
1215 3059 1374 3158 palmas,

453 3193 566 3289 Eripe
583 3216 644 3263 me
656 3189 832 3287 domino,
848 3191 917 3290 qui
931 3203 1047 3290 raptoe
1060 3194 1217 3290 praemia
1228 3193 1339 3267 nobis

453 3319 689 3420 Virginitatis
699 3321 831 3420 habes,
847 3323 911 3398 ait.
927 3324 1016 3398 Haec
1029 3325 1228 3424 Neptunus
1241 3323 1416 3398 habebat.

451 3455 549 3554 Qui,
562 3479 671 3552 prece
684 3480 762 3528 non
777 3455 917 3553 spreti,
933 3456 1108 3556 quamvis
1117 3455 1231 3531 modo
1244 3453 1326 3528 visa
1338 3451 1514 3550 sequenti

497 3621 508 3653 ¹
531 3619 634 3691 Quelle
643 3618 741 3693 poesie
751 3619 760 3674 l
769 3619 864 3696 quelle
875 3620 990 3698 energie
999 3620 1038 3678 de
1046 3622 1136 3698 style!
1148 3617 1243 3696 Apa-es
1253 3635 1287 3676 ee
1296 3635 1354 3692 que
1364 3616 1391 3674 le
1399 3613 1490 3690 poete

455 3719 535 3780 avait
548 3717 615 3793 deja
628 3719 671 3775 dit
682 3717 718 3774 de
733 3719 760 3774 la
774 3719 844 3778 laim
854 3719 1016 3778 devorante
1027 3720 1064 3776 «le
1077 3716 1203 3794 l’impie,
1214 3716 1235 3772 il
1247 3713 1354 3772 semble
1366 3711 1438 3788 qu’il
1450 3731 1491 3770 ne

455 3815 581 3894 pouvait
589 3831 643 3890 pes
653 3815 726 3873 aller
735 3817 855 3874 au-deli
866 3835 921 3892 par
930 3817 1135 3874 l'insul'lisance
1145 3815 1196 3873 des
1205 3811 1403 3888 expressions:
1414 3808 1492 3866 mais

456 3914 477 3972 il
488 3931 525 3970 en
541 3913 606 3968 eree
617 3911 654 3968 de
671 3913 822 3974 nouvelles
837 3914 891 3993 qui
906 3924 960 3975 ont
971 3915 1041 3993 plus
1054 3914 1093 3974 de
1105 3912 1186 3973 soree
1201 3928 1326 3980 encore,
1337 3908 1416 3966 telles
1429 3926 1494 3986 que

445 4012 583 4084 flamma
597 4011 685 4086 gaaloe.
