3178 5312
426 651 498 727 290
536 638 622 695 urs
650 607 1097 690 uri'rsuoaruosrs
1126 627 1354 706 o’ovrou,

423 789 528 864 Neve
540 809 647 860 meus
663 805 787 855 sermo
800 803 915 851 cursu
928 778 977 850 sit
990 777 1133 852 tardior
1145 778 1211 852 illo
1228 786 1260 876 ¹,

422 911 617 990 Praeterito
628 923 685 984 est
697 908 803 1005 virgo
817 905 950 979 :duxit
963 907 1199 1003 suapraemia
1214 883 1349 982 victor.

425 1140 537 1218 XVI.
562 1139 757 1222 Atalante
773 1145 812 1206 et
825 1133 1082 1231 Hippomenes
1100 1136 1141 1206 in
1152 1135 1300 1208 Leones
1315 1137 1481 1208 mutati.

474 1337 721 1463 mensur,
739 1364 804 1438 cui
819 1374 938 1460 grates
951 1367 1091 1459 igeret,
1109 1360 1173 1436 eui
1186 1363 1283 1438 turis
1294 1361 1502 1436 honorem

424 1497 572 1594 Ferret,
590 1493 735 1591 Adoni,
752 1489 838 1564 fui?
850 1515 920 1564 nec
932 1501 1050 1586 grates
1067 1490 1269 1564 immemor
1284 1491 1378 1588 egit,

424 1631 501 1707 Nec
516 1629 614 1704 mihi
628 1640 715 1700 turs
730 1621 847 1698 dedit.
866 1622 1038 1698 Subitam
1052 1635 1254 1698 convertor
1265 1624 1307 1698 in
1323 1623 1453 1720 irnm5

425 1757 700 1854 contemnique
714 1753 863 1849 dolens,
881 1779 930 1826 ne
942 1752 1015 1826 sim
1030 1753 1241 1852 spernenda
1256 1753 1424 1852 futuris,

423 1885 608 1984 Exemplo
619 1910 732 1960 caveo
750 1911 758 1957 :
773 1907 911 1980 meque
927 1881 1047 1978 ipsam
1060 1881 1241 1956 exhortor
1256 1882 1299 1956 in
1314 1883 1470 1956 ambos.

472 2013 630 2111 Templo
640 2009 767 2088 neom
779 2008 916 2104 Matri,
934 2033 1020 2106 quae
1033 2008 1225 2106 quondam
1238 2011 1361 2086 clarus
1375 2011 1534 2086 Echion

424 2139 576 2218 Fecerat
591 2163 641 2213 ex
652 2149 761 2233 voto,
775 2137 983 2210 nemorosis
999 2135 1124 2210 obdita
1140 2137 1267 2234 silvis,

423 2272 653 2354 Transibsnt
669 2300 677 2347 :
693 2283 731 2346 et
746 2269 819 2344 iter
827 2269 989 2366 longum
1002 2252 1236 2366 requiescere
1249 2273 1380 2346 suasit.

424 2399 507 2476 lllic
522 2392 747 2473 concubitus
763 2395 1028 2491 intempestiva
1044 2395 1182 2492 cupido

340 2519 343 2526 ’
427 2535 596 2630 Occupat
608 2530 893 2628 Hippomenen,
909 2553 932 2600 a
944 2526 1105 2600 numine
1119 2527 1265 2601 concita
1278 2537 1423 2602 nostro.

376 2707 378 2717 ι
426 2659 603 2736 Luminis
619 2658 747 2755 exigui
760 2655 884 2730 fuerat
896 2682 1012 2754 prope
1028 2657 1167 2756 templa
1179 2681 1363 2756 recessus,

426 2787 623 2888 Speluncas
635 2786 786 2885 similis,
803 2787 934 2862 nativo
950 2787 1102 2884 pumice
1118 2800 1236 2861 tectus
1249 2795 1283 2884 *⁸3

428 2919 634 3017 Relligione
646 2943 748 2992 sacer
763 2918 885 3014 prisci
901 2947 909 2993 :
929 2921 1006 3016 quir
1021 2920 1142 2994 multa
1157 2919 1325 2994 sacerdos

428 3049 567 3148 Lignea
581 3047 791 3122 contulerat
802 3061 977 3123 veterum
993 3049 1191 3122 simulacra
1206 3051 1377 3122 Deorum
1391 3047 1418 3124 ⁸.

429 3181 543 3256 Hunc
556 3179 647 3276 init3
663 3190 701 3251 et
716 3177 834 3253 vetito
845 3190 1005 3254 temerat
1020 3179 1178 3254 sacraris
1190 3179 1342 3278 probro.

475 3379 484 3410 ¹
510 3377 592 3434 Cette
604 3375 809 3452 comparaison
826 3375 863 3434 de
877 3377 906 3432 la
918 3373 1049 3434 brievete
1060 3376 1163 3453 rapide
1176 3376 1220 3432 dn
1233 3375 1306 3433 ierit
1316 3374 1354 3434 de
1364 3377 1481 3438 venus

434 3491 504 3531 avec
514 3474 543 3531 ln
551 3473 674 3548 velocitt
680 3471 717 3531 de
726 3474 754 3530 la
763 3491 869 3530 course
877 3473 1092 3550 d’Hippomene
1101 3487 1131 3532 et
1139 3474 1317 3542 ἀἊῑιΙιιιῐο,
1324 3475 1381 3530 m'a
1391 3493 1481 3550 pam

435 3589 478 3628 un
490 3572 565 3628 abus
579 3570 715 3646 d'esprit‚
726 3590 786 3629 une
798 3573 902 3647 penate
913 3573 1089 3632 minutieuse
1101 3585 1130 3631 et
1140 3572 1236 3630 froide
1247 3592 1255 3628 t
1265 3571 1296 3647 je
1307 3573 1357 3629 l’ai
1367 3573 1480 3634 omise.

477 3675 490 3704 ²
506 3670 604 3745 Imsge
612 3669 779 3748 champetre
789 3681 817 3727 et
825 3670 1023 3748 pittoresque:
1033 3693 1072 3731 on
1080 3671 1155 3731 croit
1164 3672 1359 3730 voirleehose
1367 3675 1483 3735 meme.

479 3757 492 3797 ³
516 3763 611 3822 Ovide
621 3765 744 3823 observo
755 3785 814 3842 que
825 3769 865 3826 les
878 3779 990 3827 statues
999 3769 1051 3828 des
1061 3771 1149 3829 dieu:
1159 3771 1195 3829 de
1206 3789 1238 3828 ce
1248 3771 1357 3846 temple
1365 3770 1491 3834 etaient.

437 3861 661 3939 grossiiremeot
677 3859 804 3938 figurtes
818 3883 856 3922 en
871 3863 937 3923 bois
952 3887 960 3922 ε
977 3879 1007 3924 et
1025 3869 1196 3926 ntsnrooins
1212 3868 1232 3924 il
1247 3870 1313 3928 leur
1328 3871 1413 3944 prtte
1432 3891 1488 3930 uu

439 3960 593 4018 sentiment
604 3959 829 4038 d'iudiguetiou.
846 3965 922 4023 C'est
934 3967 961 4024 le
973 3966 1114 4046 privilege
1128 3971 1164 4028 de
1177 3971 1205 4026 la
1218 3969 1318 4046 poesie
1328 3969 1367 4028 de
1376 3971 1489 4046 parier

436 4057 454 4114 ir
466 4057 679 4136 l'imsginotiou
691 4059 719 4118 ie
732 4060 855 4138 longage
867 4062 922 4140 qui
932 4065 975 4122 lui
985 4067 1136 4126 convient.
