3252 5348
455 561 503 636 26
568 575 653 633 sss
681 551 1122 634 nirauonrnosns
1151 581 1377 663 n’ovrnr,

632 773 705 847 VI.
732 775 877 848 Perdix
892 777 931 846 in
940 776 1131 874 perdicem
1149 793 1327 858 merear.

359 1009 362 1016 ’
381 1001 386 1015 ·
500 979 647 1078 Hunc,
669 979 799 1054 miseri
813 981 964 1056 tumulo
977 995 1181 1080 ponentem
1195 1015 1351 1088 corpora
1367 993 1469 1092 nati,

451 1109 612 1185 Garrula
623 1109 770 1186 ramosi
782 1111 979 1210 prospexit
993 1115 1042 1186 ab
1054 1111 1140 1188 ilice
1153 1119 1307 1214 perdix:

450 1240 498 1314 Et
513 1241 652 1338 plausit
663 1241 817 1340 pennis,
836 1251 1041 1338 testataque
1053 1243 1188 1340 gaudia
1199 1259 1313 1321 cantu
1326 1260 1393 1323 est.

453 1365 574 1442 Unica
586 1379 681 1442 tunc
693 1366 877 1464 volucris,
896 1393 967 1441 nec
979 1367 1061 1441 visa
1071 1369 1266 1467 prioribus
1278 1371 1408 1445 annis:
1490 1445 1496 1460 ,

452 1499 635 1597 Factaque
648 1523 773 1599 nuper
785 1501 885 1598 avis,
902 1499 1058 1598 lonprm
1070 1501 1160 1598 tibi,
1174 1500 1343 1600 Daedale,
1358 1503 1520 1581 crimen.

450 1632 622 1731 Namque
635 1634 729 1708 huic
740 1630 966 1729 tradiderat,
984 1630 1148 1706 fatorum
1162 1633 1308 1732 ignara,
1323 1635 1534 1713 docendam
1552 1701 1555 1714 .

449 1762 671 1862 Progeniem
684 1790 860 1864 germana
873 1789 1001 1861 sumn,
1018 1761 1204 1838 natalibus
1217 1763 1308 1838 actis

449 1896 513 1970 Bis
529 1923 693 1994 puerum
708 1898 830 1996 senis,
848 1896 968 1972 animi
981 1894 1028 1970 ad
1043 1909 1228 1995 proeoepta
1239 1897 1393 1995 rapacis.

449 2023 518 2097 llle
533 2024 645 2096 etiam
659 2021 785 2098 medio
802 2023 928 2121 spinas
946 2022 989 2095 in
1001 2022 1102 2121 pisce
1118 2033 1263 2097 notatas

449 2150 583 2228 Traxit
596 2155 640 2229 in
655 2156 892 2254 exemplum,
911 2153 1089 2254 fenoque
1102 2153 1239 2230 incidit
1254 2169 1365 2232 acuto

447 2281 653 2379 Perpetuos
665 2283 795 2357 dentes
804 2315 815 2381 3
835 2296 872 2358 et
888 2309 1000 2358 serrae
1016 2285 1158 2383 reperit
1170 2312 1300 2360 usum.

447 2412 601 2488 Primus
616 2426 653 2488 et
670 2441 720 2489 ex
732 2441 813 2491 uno
827 2415 905 2490 duo
916 2415 1036 2490 ferrea
1051 2415 1205 2492 brachia
1221 2417 1324 2491 nodo

448 2545 602 2646 Vinxit3
623 2560 685 2647 ut,
705 2551 842 2648 aequali
858 2551 978 2648 spatio
993 2551 1221 2626 distantibus
1237 2549 1332 2646 illis,

445 2673 575 2751 'Altera
590 2704 676 2777 pars
688 2692 821 2778 staret,
840 2705 926 2779 pars
939 2681 1054 2755 altera
1069 2679 1225 2755 duceret
1238 2680 1382 2756 orbem.

446 2805 623 2881 Daedalus
637 2805 798 2904 invidit,
817 2810 994 2907 sacrique
1013 2835 1062 2884 ex
1075 2834 1158 2883 arce
1174 2808 1358 2883 Minervae

448 2931 684 3031 Praecipitem
699 2934 839 3032 mittit,
856 2935 1004 3034 lapsum
1018 2936 1215 3011 mentitus.
1234 2936 1284 3010 At
1296 2935 1427 3034 illum,

449 3063 544 3148 Quae
558 3061 659 3136 favet
675 3064 855 3162 ingeniis,
875 3068 1023 3164 excepit
1038 3063 1175 3161 Pallas3
1194 3088 1380 3161 avemque

305 3202 308 3208 '
449 3191 646 3292 Reddidit,
662 3209 699 3272 et
712 3195 840 3272 medio
853 3199 996 3272 velavit
1010 3201 1053 3272 in
1066 3203 1150 3272 aere
1162 3197 1313 3296 pennis.

449 3323 521 3398 Sed
538 3325 644 3424 vigor
655 3327 817 3428 ingenii,
836 3329 1031 3426 quondam
1047 3327 1208 3423 velocis,
1227 3327 1269 3400 in
1283 3325 1378 3424 alos,

449 3457 571 3554 Inque
585 3459 698 3557 pedes
711 3461 805 3536 abiit
822 3490 830 3536 :
845 3488 1009 3559 nomen,
1028 3461 1131 3560 quod
1147 3471 1305 3556 stante,
1323 3461 1517 3537 remansit.

448 3585 533 3660 Non
549 3599 675 3662 tamen
692 3589 774 3665 haec
786 3591 859 3666 alte
872 3593 1038 3668 volucris
1051 3617 1118 3666 suo
1132 3613 1290 3687 corpora
1300 3585 1419 3685 tollit,

449 3715 525 3791 Nec
540 3717 628 3794 facit
639 3721 682 3796 in
694 3723 829 3822 ramis,
844 3725 995 3823 altoque
1008 3721 1223 3817 cacumine,
1239 3717 1369 3793 nidos:

449 3843 608 3943 Propter
620 3847 786 3924 humum
800 3851 954 3946 volitat,
973 3851 1159 3948 ponitque
1172 3845 1215 3918 in
1229 3842 1380 3942 sepibus
1395 3869 1467 3919 ova
1472 3876 1486 3944 3

391 4065 396 4086 ,
449 3974 687 4072 Antiquique
701 4002 868 4078 memor,
886 3979 1024 4056 metuit
1040 3976 1218 4053 sublimis
1230 3971 1348 4050 cosiu.
