3242 5348
465 573 536 650 142
581 590 665 646 ces
694 560 1132 645 aaaauoarnosas
1162 585 1388 668 nrovrna,

463 739 663 838 Regnaque
675 734 820 812 visuras
837 735 977 810 iterum
990 731 1152 830 Troiana
1167 736 1315 834 sagittas
1329 745 1360 835 ¹,

463 872 574 946 Ferre
589 873 695 967 jubes
710 871 856 944 Paeante
869 879 993 942 satum
1010 895 1018 942 ε
1033 893 1110 964 quo
1123 867 1274 943 flamma
1286 871 1461 944 ministro

461 999 632 1074 Subdita.
649 1000 826 1095 Dumque
834 993 956 1070 avidis
965 997 1405 1096 comprenditurignibus
1414 1025 1539 1098 agger,

460 1117 679 1230 congeriem
692 1129 796 1204 silvae
809 1129 981 1204 Nemeaeo
992 1130 1130 1205 vellere
1143 1157 1330 1206 summam

459 1265 603 1338 sternis
621 1293 628 1338 :
647 1275 700 1360 et,
719 1261 892 1360 impositi
908 1261 1021 1336 clavae
1036 1264 1198 1360 cervice,
1216 1265 1422 1361 recumbis,

459 1395 570 1470 Haud
583 1395 656 1470 alio
669 1393 799 1492 vultu,
818 1393 935 1491 quim
950 1393 982 1466 si
999 1395 1160 1470 conviva
1171 1397 1308 1490 jaceres

458 1527 563 1602 Inter
578 1526 690 1624 plena
701 1525 798 1599 meri
814 1521 1014 1598 redimitus
1027 1525 1161 1623 pocula
1173 1526 1294 1599 sertis.

506 1655 665 1752 Jamque
678 1651 826 1748 valens,
842 1661 878 1722 et
894 1652 935 1724 in
950 1675 1063 1726 omne
1076 1651 1173 1726 latus
1185 1651 1321 1726 diffusa
1336 1653 1508 1748 sonabat,

456 1783 689 1879 Securasque
705 1793 828 1876 artus,
847 1793 1192 1880 contemtoremque
1204 1783 1353 1880 petebat

457 1909 623 1988 Flamma
635 1937 748 1986 suum
766 1939 773 1984 :
793 1911 953 1984 timuere
966 1911 1037 1984 Dei
1052 1937 1123 2008 pro
1137 1910 1287 1983 vindice
1300 1920 1423 1983 terrae.

456 2039 562 2127 Quos
577 2041 647 2137 ita,
666 2037 780 2112 sensit
793 2037 916 2132 enim,
935 2037 1020 2111 laeto
1033 2037 1232 2112 Saturnius
1245 2062 1310 2111 ore

454 2161 844 2262 Juppiteralloquitur
858 2189 865 2233 :
881 2159 1014 2234 Nostra
1027 2173 1082 2236 est
1094 2163 1209 2237 timer
1221 2163 1291 2238 iste
1301 2163 1491 2264 voluptas,

453 2295 510 2370 0!
531 2292 664 2391 Superi
681 2321 689 2365 ι
705 2303 859 2388 totoque
872 2291 993 2364 libens
1005 2291 1104 2365 mihi
1117 2305 1266 2389 pectore
1277 2305 1418 2390 grator,

454 2424 568 2514 Quod
585 2423 761 2500 memoris
775 2425 908 2522 populi
919 2423 1025 2498 dieor
1037 2437 1233 2523 rectorque
1246 2437 1445 2525 paterque3
1471 2445 1473 2455 “

453 2559 501 2634 Et
513 2585 596 2632 mea
612 2557 807 2655 progenies
819 2567 946 2629 vestro
957 2582 1108 2653 quoque
1124 2567 1205 2630 tuta
1217 2555 1346 2630 favore
1360 2569 1426 2632 est.

451 2690 565 2787 Nam,
578 2713 808 2787 quamquam
818 2686 935 2782 ipsius
944 2686 1056 2761 datur
1064 2687 1136 2761 hoe
1143 2688 1372 2764 immanibus
1380 2688 1489 2808 actis,

451 2821 607 2917 Obligor
619 2821 698 2918 ipse
710 2833 837 2907 tamen
854 2848 862 2893 :
878 2819 940 2893 sed
956 2821 1078 2919 enim,
1097 2847 1146 2894 ne
1158 2833 1307 2918 pectora
1319 2847 1419 2895 vano

450 2949 542 3023 Fida
557 2961 662 3022 metu
676 2962 856 3046 paveant,
873 2951 1014 3025 OEtaeas
1029 2953 1193 3049 spernite
1206 2951 1385 3026 flammas.

450 3079 591 3154 Omnia
604 3077 672 3174 qui
684 3079 795 3177 vicit,
813 3078 960 3179 vincet,
979 3109 1074 3180 quos
1088 3083 1257 3177 cernitis,
1272 3085 1374 3181 ignes
1388 3089 1420 3180 ⁸3

449 3209 524 3284 Nec
538 3210 612 3282 m'si
626 3211 794 3300 materni
806 3213 1020 3289 Vulcanum
1033 3229 1137 3313 parte
1151 3227 1342 3314 potentem

447 3335 591 3440 Sentiet
609 3366 617 3410 :
633 3343 818 3414 aeternurri
831 3354 906 3439 est,
924 3369 1018 3418 ame
1034 3345 1136 3443 quod
1149 3347 1284 3442 traxit,
1304 3357 1340 3420 et
1353 3371 1488 3442 expers

446 3441 571 3562 Atque
584 3466 757 3540 immune
773 3471 891 3567 necis,
912 3473 1093 3570 nullique
1108 3441 1293 3547 domabile
1308 3463 1471 3548 flammi.

445 3589 565 3688 quue
582 3619 665 3690 ege,
684 3593 907 3672 defunctum
923 3601 1039 3696 terni,
1059 3601 1270 3675 coelestibus
1287 3601 1363 3675 oris

488 3775 497 3805 ¹
511 3771 634 3832 Hercule
644 3777 722 3833 avait
729 3777 790 3852 pris
797 3780 885 3840 Treie
893 3801 962 3840 sous
970 3783 1268 3859 Laomedonssepuis
1275 3805 1315 3842 un
1326 3783 1421 3842 oracle
1429 3781 1478 3841 de·

445 3865 1473 3952 claraquelesGrecsl'assiegeraientenvainssnslesflkchesd'flercule.

485 3969 500 4000 ¹
517 3967 624 4028 Penste
632 3971 719 4042 sorte,
727 3993 785 4050 que
795 3975 1036 4037 l'autithiserend
1043 3979 1111 4056 plus
1118 3983 1214 4040 serrte
1223 3992 1251 4040 et
1258 3981 1326 4056 plus
1333 3979 1472 4038 sufflante.
