3226 5336
487 531 558 630 260
600 569 682 626 aas
712 541 1149 626 udrauoursosa's
1178 565 1408 645 n’ovroe,

485 719 625 818 Ubera,
645 748 712 818 per
723 747 838 796 cunas
851 720 1101 816 alimentaque
1118 719 1241 816 prima
1256 733 1430 817 precatur
1449 727 1474 814 ¹,

482 845 534 922 Ut
550 849 622 922 sibi
635 849 861 943 committat,
880 847 1060 943 quicquid
1079 847 1191 920 dolet.
1212 849 1279 922 llla
1295 859 1481 943 rogantem

477 976 656 1054 aversata
668 979 782 1076 gemit
797 1002 805 1044 :
821 989 920 1051 certa
935 989 989 1049 est
1003 977 1203 1073 exquirere
1216 981 1374 1072 nutrix3

477 1109 554 1186 Nec
566 1111 682 1184 solam
695 1110 878 1207 spondere
890 1107 1017 1214 fidem.
1037 1111 1124 1208 Dic,
1140 1107 1288 1208 inquit,
1307 1132 1486 1206 opemque

475 1241 538 1317 Me
550 1245 630 1316 siue
647 1241 744 1314 ferre
757 1243 826 1316 tibi
845 1272 853 1316 ε
869 1253 1015 1316 nonest
1029 1269 1110 1316 mea
1125 1245 1228 1341 pigra
1242 1255 1423 1317 senectus.

474 1371 550 1444 Seu
566 1371 673 1446 furor
685 1383 757 1469 est,
774 1371 894 1446 habeo
910 1397 995 1468 quae
1009 1374 1174 1446 carmine
1192 1386 1296 1448 sanet
1308 1383 1346 1445 et
1363 1371 1497 1445 herbis.

472 1499 561 1573 Sive
576 1501 711 1600 aliquis
726 1503 875 1598 nocuit,
894 1503 1034 1599 magico
1047 1504 1253 1578 lustrabere
1266 1503 1357 1577 ritu.

472 1629 560 1704 Sive
572 1644 629 1704 est
644 1632 700 1705 ira
715 1631 858 1728 Deum,
875 1631 987 1704 saeris
999 1630 1188 1729 placabilis
1204 1633 1271 1704 ira.

356 1783 359 1790 ·
471 1757 575 1844 Quid
588 1785 672 1832 rear
684 1759 870 1833 ulterius?
886 1759 992 1832 Certe
1005 1758 1158 1833 fortuna
1169 1759 1381 1854 demusque

468 1887 617 1984 Sospes,
637 1888 729 1960 etin
744 1915 857 1961 cursu
872 1900 927 1960 est
944 1909 951 1954 :
968 1887 1110 1962 vivunt
1122 1889 1361 1986 genitrixque
1373 1897 1551 1983 paterque.

516 2017 689 2116 Myrrha,
706 2031 810 2114 patre
825 2017 954 2092 audito
968 2026 1001 2118 ¹,
1021 2022 1181 2118 suspiria
1198 2023 1311 2094 duxit
1326 2021 1373 2092 ab
1389 2019 1466 2090 imo

464 2146 627 2218 Pectore.
644 2147 719 2218 Nec
737 2149 873 2222 nutrix
890 2149 1098 2226 etiamnum
1115 2151 1279 2248 concipit
1296 2151 1419 2223 ullum

463 2273 589 2346 Mente
603 2271 725 2370 nefas3
740 2275 981 2371 aliquemque
995 2289 1119 2350 tamen
1136 2278 1328 2376 praesentit
1341 2299 1519 2348 amorem:

463 2401 724 2499 Propositique
742 2415 875 2500 tenax,
891 2405 1159 2504 quodcumque
1173 2411 1239 2505 sit,
1257 2420 1356 2502 erat,
1376 2418 1420 2480 ut
1432 2405 1503 2501 ipsi

462 2527 607 2604 ludicet
624 2557 632 2601 :
649 2539 685 2600 ct
697 2529 1121 2626 gremio'lacryrnantem
1138 2535 1236 2607 tollit
1252 2533 1362 2606 anili:

460 2659 585 2756 Atque
599 2659 651 2732 ita
667 2660 916 2755 complectens
930 2661 1091 2736 infirmis
1107 2664 1199 2736 cella
1216 2661 1379 2756 lacertis,

460 2789 675 2884 Sensimus,
689 2761 816 2884 inquit
826 2817 833 2860 :
844 2816 943 2863 amas
955 2805 1007 2865 :et
1016 2792 1057 2866 in
1066 2793 1138 2866 hoc
1147 2821 1244 2889 ntea,
1256 2792 1552 2890 ponetimorem,

461 2918 647 2992 sedulitas
663 2919 735 2991 erit
752 2931 837 3016 apta
852 2921 922 2994 tibi
940 2952 947 2995 :
964 2950 1032 2996 nec
1049 2927 1183 2999 sentiet
1197 2951 1379 3022 umquam

460 3048 541 3120 Iloc
554 3058 669 3160 pater.
685 3047 850 3123 Exsiluit
861 3053 1001 3148 gremio
1015 3054 1222 3129 furibunda
1237 3055 1269 3152 ³,
1288 3069 1492 3149 torumque

502 3223 1492 3312 ,¹C’estainsiqu’OIlneneditiPhedre,danslatrsgediedeeenem:
1557 3277 1560 3284 -

589 3340 749 3402 soeges-rous
762 3345 833 3405 qn'en
845 3349 946 3420 nalsunt
958 3364 1006 3394 mes
1018 3349 1073 3396 bras
1084 3367 1143 3398 roes
1155 3361 1197 3398 ont
1209 3352 1298 3412 reque?

504 3441 517 3470 ⁸
539 3437 650 3495 Phedre
664 3443 793 3516 exprime
804 3463 858 3518 par
871 3463 903 3501 ce
917 3447 992 3504 meu
1004 3469 1071 3506 vers

586 3552 761 3600 Mallreureure!
777 3555 831 3616 quel
843 3571 898 3602 uem
909 3568 944 3605 est
957 3563 1016 3606 sorti
1029 3563 1058 3608 de
1070 3573 1093 3608 ta
1105 3563 1218 3612 boucha?

457 3652 485 3712 le
497 3651 592 3710 meme
605 3655 758 3712 sentiment
769 3677 828 3732 que
839 3662 961 3736 Myrrha
974 3664 1139 3742 u’explique
1150 3667 1219 3742 qu'a
1232 3663 1326 3734 demi,
1339 3685 1377 3724 eu
1387 3665 1494 3742 sonpi-

456 3760 525 3804 rant
538 3769 576 3804 au
592 3769 661 3808 nom
676 3752 713 3806 de
727 3771 780 3809 son
795 3755 874 3828 pere.
1453 3753 1458 3760 ¹

498 3839 511 3876 ³
537 3847 658 3921 Virginis
674 3853 949 3930 amantt'sdecorum
968 3857 1103 3916 servant.
1122 3859 1186 3934 Quo
1200 3864 1275 3918 enim
1291 3862 1492 3928 vehementius

455 3943 527 4018 quid
535 3951 790 4020 appetumpaelloe
800 3971 901 4014 amore
912 3969 1026 4033 calum,
1040 3958 1073 4013 εό
1083 3961 1177 4036 tnagis
1189 3962 1282 4017 solent
1293 3962 1491 4026 da'sa'mulara
