3252 5348
468 640 517 718 ὃς
590 651 676 710 uss
704 620 1142 707 uiusuourflosos
1170 638 1397 719 nomon,

467 804 608 900 Bisque
619 799 767 896 doum,
782 793 952 893 primum
965 803 1078 888 paitu
1091 816 1184 866 mox
1196 791 1323 889 stipite
1335 801 1462 889 rapto,

459 931 596 1007 Redde
610 930 802 1003 animam:
817 923 880 997 vel
892 949 955 996 me
967 921 1142 996 internis
1158 920 1253 996 adde
1269 921 1463 1020 sepulcris.

416 1105 421 1118 ·
465 1049 1581 1159 Etoupio‚etnequeo.Quidagam?modbvulnerabetrum

465 1189 566 1266 Ante
579 1185 708 1262 oeulos
720 1179 941 1277 mihisunt,
956 1191 995 1253 et
1005 1191 1120 1254 tante
1133 1179 1407 1278 olodisimsgo:

412 1387 417 1394 .
464 1321 578 1396 Nune
588 1311 763 1388 animum
775 1305 913 1403 pietas,
928 1317 1172 1403 maternoque
1184 1305 1340 1380 nomina
1351 1305 1557 1402 frangtmt.

464 1449 529 1524 Me
543 1444 719 1532 miseram
733 1440 767 1511 ¹!
784 1436 882 1511 male
892 1435 1053 1510 vincetis
1070 1435 1158 1508 :sed
1175 1435 1337 1533 vincite,
1353 1433 1509 1531 buttem

464 1569 703 1664 Dummodo,
719 1591 805 1666 quae
821 1564 960 1640 dedero
970 1567 1080 1642 vobis
1095 1565 1243 1665 solatis,
1255 1589 1402 1663 vosque

464 1705 551 1803 {psa
566 1722 700 1802 sequar
713 1703 740 1772 ⁸.

745 1901 752 1922 ’·
773 1891 848 1968 XI.
876 1891 984 1964 Mors
1000 1890 1200 1989 Meleagri.

733 2107 884 2180 Dum·
901 2100 1133 2200 :dextrique
1146 2126 1279 2174 aversa
1293 2097 1473 2174 trementi

464 2243 681 2320 Funereum
697 2253 840 2342 teroem
856 2236 1002 2314 medios
1017 2237 1177 2334 conjecit
1192 2237 1236 2310 in
1251 2237 1365 2335 ignes.

465 2361 545 2448 Aut
558 2369 682 2468 dedit,
696 2380 763 2443 aut
775 2368 881 2442 visus
897 2366 1056 2464 gemitus
1069 2375 1125 2438 est
1139 2365 1202 2438 ille
1218 2364 1362 2438 dedisse
1375 2360 1389 2402 ³

465 2500 587 2598 Stipes
604 2527 612 2573 :
628 2496 814 2576 etinvitis
827 2505 1022 2591 correptus
1037 2493 1085 2565 ab
1101 2491 1251 2588 ignibus
1267 2491 1370 2567 arsit.

465 2630 631 2727 Inscius,
646 2641 758 2727 atque
775 2628 906 2700 absens
919 2623 1073 2746 flammi
1089 2622 1288 2719 Meleagms
1301 2621 1343 2696 in
1360 2621 1425 2697 ille

400 2739 404 2748 β
466 2759 622 2855 Uritur,
640 2768 678 2830 et
692 2755 797 2828 caeeis
813 2753 950 2827 torreri
965 2753 1109 2826 viscera
1123 2753 1240 2828 sentit

464 2887 621 2984 Ignibus
639 2914 647 2960 :
662 2895 700 2956 at
713 2908 866 2979 magnos
879 2893 1030 2979 superat
1041 2882 1185 2955 virtute
1200 2883 1360 2958 dolores.

467 3019 583 3106 Quod
595 3031 722 3092 tamen
736 3015 873 3112 ignavo
888 3017 1013 3113 mdat,
1029 3028 1066 3088 et
1081 3017 1163 3091 sine
1179 3020 1378 3116 sanguine,
1393 3018 1488 3118 leto,

466 3150 604 3225 Moeret
620 3177 629 3221 ε
645 3159 683 3220 et
696 3147 825 3222 Ancaei
838 3146 960 3220 felicia
972 3148 1132 3222 vulnera
1142 3149 1249 3224 dicit.

468 3276 801 3393 Grandaevumque
816 3287 961 3373 patrem
977 3273 1225 3374 fratremque,
1240 3277 1394 3375 piasque
1407 3303 1567 3357 sorores

512 3459 523 3489 ¹
547 3458 599 3514 Est
610 3457 786 3515 exclamatio
798 3457 859 3534 qud
871 3456 989 3514 Altttoea
1006 3476 1039 3514 se
1049 3459 1173 3516 ostendit
1187 3458 1305 3514 insitam
1318 3460 1349 3514 in
1355 3457 1508 3534 filiipen·
1620 3503 1621 3510 κ

468 3555 573 3616 m'ciem
587 3555 708 3610 artnarc'.

514 3652 528 3682 ¹
550 3652 598 3706 De
617 3647 820 3706 consciscenda
836 3649 893 3705 sibi
908 3669 1022 3726 quoque
1042 3663 1132 3707 morte
1143 3651 1213 3722 jam
1232 3651 1339 3727 cogitat
1355 3651 1460 3727 irffeliz
1479 3665 1512 3708 et

471 3767 554 3804 soror
564 3760 594 3803 et
607 3762 711 3804 mater.

390 3875 393 3882 ι
515 3839 528 3876 ³
552 3847 592 3902 Le
603 3847 690 3920 poete
703 3845 802 3902 donne
814 3845 850 3902 ici
862 3846 898 3902 de
910 3848 939 3904 la
951 3845 1107 3904 sensibilitt
1118 3847 1135 3904 ὲ
1147 3847 1198 3905 des
1211 3847 1313 3906 choses
1325 3845 1506 3906 insensiblss.

472 3940 592 4016 liprtte
607 3961 646 4000 su
659 3943 709 4000 feu
723 3963 765 4000 un
783 3944 937 4001 sentiment
949 3944 986 4001 de
1004 3945 1239 4008 commiseration
1252 3947 1507 4025 pouthliegre.
1523 4003 1528 4010 .

469 4043 621 4122 Jusqu’oit
633 4063 670 4102 ne
682 4063 720 4104 va
730 4063 785 4121 pas
796 4045 936 4106 l'illusiou
946 4045 1112 4124 poetique?
