3252 5332
424 645 499 723 544
545 661 631 722 css
659 631 1099 718 uisnuom’uosss
1130 655 1357 738 movms,

424 811 710 898 Laomedonteis
723 807 876 884 latoius
892 803 1010 880 astitit
1026 806 1141 881 arvis.

423 943 591 1018 Dextera
606 940 733 1040 Sigaei,
748 937 911 1012 Rhoetei
926 936 1022 1012 laeva
1034 935 1243 1038 profundi,=

424 1069 500 1144 Am
515 1067 770 1168 Panomphaeo
785 1077 895 1141 vetus
911 1077 967 1140 est
979 1081 1119 1141 sacrata
1131 1067 1298 1144 Tonanti
1314 1076 1341 1145 ¹.

426 1200 519 1276 Inde
536 1227 646 1278 novae
663 1201 833 1298 primum
849 1199 976 1274 moliri
991 1201 1133 1276 moenia
1144 1197 1269 1298 Trojae

427 1332 682 1408 Laomedonta
694 1331 800 1406 videt
816 1360 824 1404 :
840 1343 1084 1430 susceptaque
1096 1357 1229 1432 magna
1239 1333 1369 1407 labore

428 1461 601 1540 Crescere
617 1465 782 1560 difficili,
798 1489 868 1538 nec
884 1490 972 1561 opes
989 1489 1189 1561 exposcere
1204 1489 1352 1564 parvas.

427 1595 601 1694 Cumque
618 1594 862 1691 tn'dentigero
876 1591 1019 1668 tumidi
1033 1595 1201 1692 genitore
1216 1593 1402 1693 profundi

428 1727 626 1806 Mortalem
643 1723 822 1800 induitur
837 1723 1019 1822 formam3
1036 1724 1457 1825 Ph1ygioquety1anno

428 1855 632 1930 AEdificant
647 1867 923 1954 muros,.pacto
939 1881 1010 1954 pro
1025 1857 1220 1932 moenibus
1235 1883 1346 1934 auro.

430 1989 557 2094 Stabat
572 2015 667 2087 opus
685 2018 693 2064 :
708 1989 875 2087 pretium
892 2015 962 2064 rex
977 1988 1190 2088 inficietur,
1204 2002 1242 2065 et
1257 1990 1381 2089 addit,

429 2121 602 2196 Perfidiae
619 2121 838 2220 cumulum,
853 2120 954 2196 falsis
971 2121 1138 2220 penurie
1153 2123 1293 2198 verbis.

431 2247 518 2323 Non
535 2249 694 2348 impune
707 2249 822 2348 feres,
838 2261 961 2323 rector
974 2251 1089 2326 masis
1102 2251 1232 2348 inquit
1248 2280 1256 2326 :
1271 2262 1309 2324 et
1325 2277 1459 2326 omnes

431 2379 637 2454 Inclinavit
652 2407 766 2478 aquas
783 2381 828 2454 ad
844 2407 967 2456 avarae
981 2381 1094 2456 litora
1109 2381 1251 2482 Trojae,

432 2504 556 2608 Inque
572 2507 660 2582 freti
676 2507 837 2584 formam
852 2522 970 2586 terras
986 2513 1175 2586 convertit
1183 2542 1194 2608 ;
1214 2537 1378 2611 opesque

433 2637 603 2712 Abstulit
617 2639 808 2736 agricolis,
825 2651 862 2713 et
877 2639 1056 2716 fluctibus
1072 2642 1203 2715 obruit
1217 2667 1319 2716 arva.

435 2759 552 2838 Poena
565 2791 689 2863 neque
702 2765 784 2840 haec
797 2765 886 2840 satis
900 2778 956 2840 est
969 2796 976 2842 :
989 2765 1096 2866 Regis
1110 2794 1263 2866 quoque
1275 2768 1352 2842 filia
1364 2783 1536 2846 monstro

434 2889 605 2966 Poscitur
618 2917 794 2990 aequoreo
809 2921 816 2968 :
833 2919 949 2990 quem
965 2893 1063 2976 dura
1076 2894 1123 2970 ad
1138 2922 1227 2970 saxa
1238 2896 1452 2972 revinctum

433 3021 611 3098 Vindicat
624 3025 773 3100 Alcides
791 3027 1073 3130 :promissaque
1086 3055 1267 3128 munere,
1282 3029 1403 3104 dictos

434 3151 559 3226 Poscit
575 3179 691 3250 equos
709 3183 718 3228 τ
734 3157 905 3254 tantique
920 3157 1045 3255 operis
1058 3159 1230 3234 mercede
1245 3163 1394 3260 negatal,

435 3281 499 3356 Bis
515 3284 668 3382 perjura
684 3286 783 3382 capit
795 3301 978 3385 superatae
991 3291 1134 3366 moenia
1146 3289 1282 3386 Trojae.

434 3415 529 3512 Nec,
544 3441 630 3513 pars
647 3417 812 3516 militiae,
828 3419 1008 3498 Telamon
1027 3423 1108 3498 sine
1122 3423 1270 3498 honore
1285 3429 1462 3528 recessit3

435 3543 674 3643 Hesioneque
688 3544 774 3622 dats
787 3552 944 3648 potitur.
963 3555 1059 3630 Nam
1076 3557 1241 3654 Conjuge
1254 3555 1389 3632 Peleus

435 3673 567 3750 Clarus
581 3688 660 3751 erat
675 3677 775 3754 Diva
791 3708 800 3755 ε
816 3706 885 3756 nec
898 3685 961 3758 avi
978 3686 1094 3784 magis
1110 3682 1174 3758 ille
1190 3683 1363 3782 superbit

482 3905 491 3934 ¹
520 3905 729 3982 Panomphse,
754 3909 835 3968 selon
859 3909 1057 3989 l’ttymologie
1079 3928 1229 3990 gaesaque,
1255 3907 1368 3988 siguifie
1390 3937 1404 3964 «
1427 3915 1480 3991 qui

437 4001 546 4060 entend
558 4003 758 4082 toutelnngue
771 4028 802 4076 υ,
814 4025 902 4081 parce
913 4027 972 4084 que
982 4007 1056 4067 dene
1066 4027 1100 4066 oe
1109 4008 1217 4084 temple
1229 4009 1349 4085 Jupiter
1362 4011 1480 4072 rendili

439 4100 490 4198 des
505 4101 615 4162 creole·
628 4101 645 4161 t
658 4113 727 4163 tous
739 4103 780 4165 les
793 4107 915 4186 peuples
929 4127 966 4168 eu
977 4108 1106 4170 diverses
1118 4107 1251 4188 ungues.
