3164 5352
403 560 473 668 2654
521 575 603 632 Lus
633 543 1066 626 utriuournosrs
1097 565 1323 643 movrnc,

398 717 512 811 Vive,
527 714 579 786 ait
591 711 689 804 haec3
709 704 851 804 potiere
865 715 953 798 tuo,
973 729 1052 775 nou
1066 729 1174 801 ausa,
1191 719 1370 804 parente,
1396 734 1399 740 ·

401 850 552 944 Dicere,
571 843 753 920 conticuit
770 871 777 914 :
796 841 1052 938 promissaque
1066 839 1226 911 numine
1240 841 1381 914 firmat.

449 979 553 1054 Festa
566 979 637 1076 piae
652 973 795 1049 Cereris
810 973 1044 1044 celebrabant
1060 997 1187 1042 annua
1199 985 1338 1045 matres
1356 980 1365 1008 ¹

400 1107 487 1203 Illa,
507 1109 645 1206 quibus
663 1103 772 1178 nived
790 1101 919 1174 velatas
935 1125 1092 1194 corpora
1108 1112 1209 1172 veste
1224 1107 1237 1135 ¹

400 1241 591 1314 Primitiae
607 1239 759 1332 frugum
773 1235 882 1326 dant,
901 1234 1023 1328 spicea
1035 1244 1150 1328 serta,
1167 1259 1346 1308 suarum:

401 1372 701 1468 Perquevnovem
718 1374 843 1435 noctes
858 1361 1059 1456 Venerem,
1076 1373 1272 1460 tactusque
1288 1363 1435 1462 uiriles,

399 1500 445 1574 ln
465 1495 587 1570 vetitis
604 1502 818 1566 numerant.
836 1489 966 1564 Turbd
979 1489 1180 1562 Cenchreis
1194 1492 1237 1562 in
1254 1491 1321 1564 illa

400 1623 508 1722 Regis
521 1623 622 1696 adest
639 1623 798 1716 conjure,
815 1645 1022 1716 arcanaque
1038 1645 1139 1692 saera
1152 1617 1381 1718 frequentat.

401 1755 516 1850 Erg0,
532 1751 693 1847 legrtirnd
705 1776 849 1822 vacuus
861 1749 955 1824 dum
972 1752 1128 1847 conjuge
1144 1751 1280 1849 lectus,

399 1886 513 1960 Nacta
528 1909 677 1980 gravem
695 1882 787 1956 vino
802 1883 970 1981 Cinyran
983 1884 1079 1956 mal'e
1096 1884 1225 1958 sedula
1240 1888 1404 1985 nutrix,

399 2011 559 2089 Nomine
574 2015 754 2110 mentite,
773 2037 883 2088 veros
896 2013 1053 2110 exponit
1066 2040 1229 2089 amores:

399 2150 447 2222 Et
460 2148 590 2222 faciem
605 2148 743 2221 laudat.
764 2147 938 2234 Quaesitis
956 2149 1112 2245 virginis
1129 2150 1257 2240 annis;

400 2281 1500 2379 Par‚ait,estMyrrbae.Quampostquamadducerejussaest‚
1568 2365 1569 2368 Ἴ

400 2409 526 2506 thue
538 2411 696 2485 domum
710 2411 839 2506 rediit,
857 2411 986 2483 Gaude
1000 2437 1101 2506 mea,
1119 2409 1238 2506 dixit,
1253 2410 1426 2482 alumna:

400 2543 572 2620 Vicimus
586 2549 593 2618 !
614 2544 749 2618 infelix
763 2569 840 2616 non
854 2556 931 2616 toto
948 2569 1102 2639 corpore
1115 2540 1229 2614 sentit
1299 2549 1301 2552 ’

400 2673 585 2747 Laetitiam
602 2673 728 2770 virg03
748 2697 980 2768 praesagaque
996 2683 1145 2767 pectora
1161 2680 1336 2744 moerent.

401 2803 471 2875 Sed
488 2815 614 2875 tamen
628 2815 664 2876 et
676 2801 810 2898 gaudet
830 2832 838 2876 ε
855 2813 957 2876 tanta
973 2815 1027 2874 est
1039 2801 1224 2874 discordia
1239 2801 1399 2876 mentis!

449 2929 614 3026 Tempus
632 2943 727 3024 erat,
745 2957 822 3026 quo
836 2943 969 3003 cuncta
983 2929 1095 3002 silent
1103 2961 1113 3024 3
1129 2930 1304 3025 interque
1318 2927 1472 3002 Triones

399 3062 569 3136 Flexerat
582 3059 735 3154 obliquo
753 3061 963 3153 plaustrum
977 3075 1126 3135 temone
1140 3059 1271 3131 Bootes
1286 3057 1320 3131 ³:

445 3227 455 3255 ²
480 3225 534 3280 Les
549 3223 621 3278 tetes
635 3221 671 3277 de
691 3220 794 3288 Ciris,
811 3223 943 3296 appele'es
957 3223 1190 3296 Thesmophores
1204 3241 1259 3296 par
1271 3223 1312 3278 les
1325 3225 1433 3292 Graes,

402 3320 578 3397 obligeaicnt
594 3319 632 3374 les
646 3320 783 3386 semes,
801 3317 872 3376 dans
890 3321 930 3376 les
944 3321 992 3376 dtx
1007 3321 1093 3394 jours
1106 3321 1142 3378 de
1157 3323 1222 3377 leur
1239 3322 1434 3390 celebratior,

400 3421 436 3478 de
449 3418 610 3478 s’iuterdire
622 3430 686 3475 tout
697 3437 858 3476 commerce
868 3439 938 3476 avec
949 3422 1028 3476 leurs
1037 3420 1136 3488 maris,
1145 3420 1216 3476 etde
1227 3439 1256 3475 se
1265 3419 1434 3476 conformer

399 3537 457 3576 aux
473 3517 526 3574 lois
539 3516 575 3572 de
588 3515 616 3571 la
631 3518 755 3572 chastetd
768 3517 794 3570 la
809 3517 876 3590 plus
889 3516 1071 3592 rigoureuse.

442 3617 455 3646 ⁸
479 3616 515 3668 In
534 3613 623 3667 sacris
642 3611 750 3665 Cereris
769 3611 921 3666 utebantur
937 3613 1071 3668 candidas
1090 3614 1217 3670 vestibus
1232 3624 1376 3670 matronoe
1393 3615 1435 3670 ad

401 3711 625 3786 ,signficandam
640 3708 733 3762 animi
736 3709 905 3780 puritatem.

440 3805 453 3842 ⁸
478 3811 559 3864 Certe
572 3805 750 3880 description
766 3807 855 3864 d‘une
869 3809 935 3864 nuit
949 3809 1072 3866 obscure
1088 3822 1116 3866 et
1130 3809 1297 3868 silencieuse
1310 3813 1433 3886 produit

398 3929 457 3967 une
469 3909 641 3983 impression
651 3907 786 3964 d'autant
797 3910 863 3982 plus
874 3911 1031 3984 profunde,
1040 3929 1098 3985 que
1109 3912 1135 3968 lc
1148 3913 1284 3988 rhytbme
1295 3913 1435 3988 poetique

397 4027 414 4065 a
426 4009 454 4081 je
469 4027 504 4064 ne
518 4006 574 4066 sais
588 4006 661 4082 quoi
673 4006 709 4064 de
722 4008 837 4065 sombre
850 4009 926 4066 etde
939 4009 1066 4068 terrible.
