3242 5348
452 506 522 581 126
566 521 648 576 nas
678 491 1117 576 udrauouruosns
1147 523 1373 608 n’ovron,

497 664 656 741 Dixerat
673 689 680 736 :
697 672 735 734 et
747 685 897 736 summo
913 660 1118 762 digitorum
1130 671 1285 746 vincula
1297 677 1393 752 colio

445 798 584 896 lnjicit.
604 796 794 892 Angebat,
812 821 881 870 ceu
894 807 1045 892 guttura
1057 797 1198 898 forcipe
1216 811 1223 839 ¹
1243 781 1412 905 pressus,

443 929 723 1024 Pollicibusque
736 947 837 1000 meas
848 925 1061 1022 pugnabam
1077 925 1234 1004 evellere
1250 931 1386 1010 nuces.

383 1121 384 1129 ,
494 1063 555 1140 Sic
568 1084 720 1158 quoque
732 1054 881 1131 devicto
896 1025 1056 1132 restabat
1071 1061 1180 1134 tertia
1193 1065 1294 1151 tauri

444 1194 580 1270 Forma
592 1189 709 1264 trucis
727 1200 860 1263 :tauro
875 1201 1046 1268 mutatus,
1055 1194 1242 1288 membra,
1261 1197 1413 1274 rebella.

442 1325 576 1401 Induit
591 1323 655 1398 ille
668 1321 761 1396 toris
776 1348 798 1394 a
812 1317 908 1397 laevt
922 1331 1027 1418 parte
1043 1321 1218 1424 lacertos,

442 1450 738 1545 Admissumque
751 1446 904 1522 trahens
917 1449 1090 1545 sequitur
1107 1479 1115 1524 :
1134 1451 1390 1554 deprensaque
1406 1457 1502 1534 duri

442 1585 595 1658 Cornua
607 1582 686 1680 figit
698 1581 837 1676 humo,
856 1607 993 1677 meque
1005 1582 1079 1662 alta
1094 1586 1228 1662 sternit
1243 1589 1367 1662 arensi.

442 1715 519 1790 Nec
533 1714 620 1789 satis
633 1711 673 1786 id
688 1710 811 1786 suerat
827 1739 835 1785 :
850 1711 1015 1809 rigidum
1030 1713 1109 1790 sera
1123 1715 1278 1795 dextera
1290 1745 1410 1805 cornu

441 1843 547 1920 Dum
560 1855 681 1939 tenet,
698 1841 867 1937 infregit3
886 1843 1096 1942 truncique
1113 1843 1269 1920 afrontc
1285 1847 1445 1922 revellit.

442 1973 576 2048 Naides
589 1972 678 2069 hoc,
695 1975 817 2068 pomis
830 1982 867 2042 ct
878 1970 996 2044 odoro
1009 1973 1101 2047 flore
1114 1974 1300 2071 repletum
1314 1983 1345 2072 ¹,

441 2103 663 2198 Sacrarunt5
681 2099 864 2196 divesque
877 2127 962 2174 meo
976 2103 1075 2176 bona
1090 2101 1206 2199 Copia
1219 2131 1339 2178 cornu
1352 2115 1418 2179 est.

770 2293 849 2366 111.
880 2297 1000 2368 Cornu
1019 2301 1146 2396 copie.

488 2493 708 2566 Drxunar
726 2516 735 2561 :
751 2501 789 2561 at
800 2487 997 2586 Nympho,
1013 2489 1091 2563 ritu
1106 2491 1293 2565 succincta
1303 2493 1456 2592 Dianae,

438 2621 525 2696 Una
540 2619 822 2714 ministrarum,
838 2617 933 2691 fissis
945 2618 1139 2716 utrimque
1155 2620 1316 2718 capillis,

439 2752 612 2844 Incessit,
628 2759 827 2843 totumque
842 2747 933 2819 tulit
944 2745 1142 2844 praedivite
1159 2773 1279 2822 cornu

437 2881 701 2973 Autumnum,
720 2887 757 2948 et
772 2901 940 2974 mensas,
958 2877 1080 2951 felicia
1092 2905 1222 2983 poma,
1243 2877 1436 2954 secundas.

437 3012 526 3086 Lux
538 3009 641 3084 subit
658 3037 666 3084 :
682 3019 737 3104 et,
756 3007 882 3104 primo
899 3007 1055 3082 feriente
1068 3011 1264 3084 cacumina
1281 3011 1383 3108 Sole,

436 3145 647 3221 Discedunt
657 3145 816 3240 juvenes
834 3167 982 3239 :neque
999 3141 1101 3218 enim
1114 3141 1208 3216 dum
1224 3143 1385 3216 flumina
1396 3165 1522 3240 pacem

436 3273 485 3348 Et
496 3255 659 3371 placidos
671 3271 833 3346 habeant
844 3271 988 3368 lapsus,
1005 3285 1191 3370 motaeque
1204 3271 1389 3368 residant,

437 3399 719 3497 Opperiuntur,
737 3424 844 3496 aquae
863 3427 871 3472 :
891 3397 1021 3472 vultus
1035 3397 1220 3471 Acheloiis
1236 3410 1413 3495 agrestes,

479 3567 491 3598 ¹
513 3563 556 3619 La
574 3561 777 3638 comparaison
794 3550 831 3618 de
847 3561 1023 3638 inpressius
1039 3561 1089 3618 des
1107 3561 1204 3640 doigts
1221 3561 1377 3620 d'Hercule
1396 3579 1467 3618 arec

435 3680 495 3720 une
510 3661 643 3731 munilia,
657 3671 700 3718 est
714 3660 793 3718 aussi
805 3680 901 3719 neure
915 3661 1141 3738 qu'expressive.

477 3763 491 3794 ²
513 3761 594 3818 Cette
605 3761 699 3838 image
709 3759 875 3836 graeciense,
886 3763 971 3837 apres
981 3763 1009 3818 h
1019 3763 1155 3838 peinture
1164 3763 1239 3818 mile
1250 3771 1277 3818 et
1289 3759 1467 3836 vigoureuse

434 3858 488 3934 qui
500 3857 639 3934 piisime,
652 3859 746 3916 forme
759 3879 818 3917 unc
832 3861 1002 3936 opposition
1014 3861 1192 3918 charmante.
1206 3861 1282 3916 C'est
1294 3859 1322 3914 la
1337 3857 1466 3914 muniere

434 3953 560 4014 favorite
573 3954 707 4013 d'Ovide.
724 3956 748 4012 ΙΙ
762 3955 826 4014 sant
840 3957 981 4016 convenii·
993 3957 1098 4033 qu'elle
1111 3969 1154 4016 est
1167 3957 1233 4014 bien
1247 3955 1424 4014 siduisante.
