3252 5332
439 547 511 626 556
554 562 639 620 nas
668 530 1107 616 udrauonrnosns
1137 555 1364 634 D’ovmn,

437 716 587 788 Annuit
600 709 754 808 optatis,
770 706 1017 800 nocituraque
1034 730 1194 778 munera
1211 704 1324 778 solvit

438 843 571 939 Liber3
587 854 625 914 at
640 837 821 933 indoluit,
836 833 940 932 quod
957 859 1037 906 non
1052 833 1208 906 meliora
1224 834 1389 931 pet-isset.

485 975 613 1048 Laetus
625 969 720 1066 abit,
736 969 943 1066 gaudetque
957 965 1056 1038 malo
1069 965 1343 1062 Berecynthius
1355 964 1489 1059 heros5

436 1101 721 1199 Pollicitamque
736 1097 849 1172 fidem
866 1094 1050 1192 tangendo
1068 1093 1214 1192 singula
1231 1107 1361 1168 tentat.

408 1321 412 1326 ⁵
437 1233 590 1330 Vixque
604 1231 676 1306 sibi
693 1229 866 1324 credens,
885 1251 964 1300 non
980 1225 1054 1298 altat
1069 1225 1204 1300 fronde
1221 1228 1412 1300 virentem

438 1363 527 1438 llice
539 1361 702 1436 detraxit
715 1360 858 1456 virgam
876 1385 884 1431 :
900 1355 1004 1454 virga
1019 1381 1133 1431 aurea
1147 1355 1243 1430 sacta
1259 1371 1324 1431 est.

437 1495 554 1569 Tollit
569 1493 689 1566 humo
706 1517 841 1566 saxum
856 1518 866 1563 ε
882 1515 1016 1564 saxum
1031 1515 1183 1588 quoque
1199 1490 1334 1586 palluit
1347 1515 1456 1563 auro.

437 1621 602 1718 Contigit
618 1633 655 1693 et
671 1621 812 1716 glebam
830 1649 838 1692 :
855 1631 1028 1692 contactu
1042 1619 1145 1716 gleba
1160 1623 1307 1716 potenti

437 1753 556 1826 Massa
570 1749 625 1822 fit.
645 1748 802 1820 Arentes
816 1749 960 1821 Cereris
977 1749 1161 1846 decerpsit
1174 1751 1322 1845 aristas3

437 1883 563 1958 Aurea
575 1880 705 1954 messis
720 1892 811 1954 erat.
827 1880 1037 1978 Demptum
1052 1893 1156 1954 tenet
1169 1883 1301 1955 arbore
1316 1907 1477 1978 pomum
1485 1911 1497 1978 5
1605 1869 1606 1938 ἓ

437 2011 658 2109 Hesperidas
674 2011 830 2084 donasse
846 2023 967 2107 putes.
985 2011 1024 2082 Si
1041 2011 1211 2110 postibus
1227 2011 1310 2084 aitis

436 2140 620 2254 Admoqit
635 2140 768 2238 digitos
781 2171 791 2236 3
806 2151 929 2238 postes
942 2139 1089 2214 radiare
1102 2140 1296 2216 videntur.

435 2265 629 2366 tlteetiam
643 2266 799 2364 liquidis
811 2268 951 2365 palmas
966 2269 1034 2342 ubi
1051 2269 1193 2344 laverat
1208 2270 1342 2366 undis,

436 2397 549 2473 Unda
559 2398 682 2472 fluens
698 2397 832 2495 palmis
848 2398 1004 2472 Danaen
1021 2400 1172 2474 eludere
1187 2414 1309 2499 posset
1323 2409 1348 2476 ¹.

434 2529 514 2604 Vix
524 2555 610 2626 spes
623 2530 702 2626 ipse
718 2554 802 2602 suas
819 2529 947 2602 animo
963 2533 1077 2628 capit3
1097 2559 1210 2607 aurea
1225 2533 1369 2630 fingens

435 2662 587 2737 Omnia.
604 2658 793 2733 Gaudenti
809 2687 956 2735 mensas
972 2665 1130 2760 posuere
1148 2667 1334 2763 ministri,

434 2796 636 2869 Extractus
652 2791 829 2889 dapibus,
845 2819 914 2868 nec
929 2807 1035 2871 tostae
1051 2799 1168 2897 frugis
1186 2812 1332 2899 egentes
1348 2827 1356 2874 :

433 2925 535 2999 Turn
552 2924 662 3018 vero,
681 2923 761 2994 sive
775 2922 838 2996 ille
855 2923 922 2996 susi
935 2926 1098 2998 Cerealia
1112 2927 1245 3002 dextri

433 3055 594 3130 Munera
610 3055 829 3148 contigerat,
846 3053 1009 3128 Cerealia
1022 3054 1122 3128 dona
1138 3057 1305 3152 rigebant
1321 3082 1329 3129 :

434 3185 524 3258 Sive
539 3182 650 3280 dapes
664 3181 777 3255 avido
794 3185 1003 3258 convellere
1019 3185 1132 3259 dente
1148 3174 1319 3283 parabatq

433 3308 591 3384 Lamina
603 3305 710 3381 ruva
726 3305 837 3404 dapes
854 3309 1005 3382 admoto
1021 3289 1330 3408 sentententia.

433 3437 635 3512 Miscuerat
649 3438 757 3533 puris
773 3451 964 3514 auctorem
980 3442 1150 3515 muneris
1166 3441 1304 3515 undis?

433 3565 558 3640 Fusile
573 3591 641 3662 per
657 3565 926 3642 rictus'aurum
942 3569 1091 3643 fluitare
1106 3570 1266 3644 rideres.

433 3695 628 3771 Attonitus
642 3695 808 3769 novitate
817 3696 929 3795 mali,
945 3696 1143 3795 divesque,
1158 3702 1349 3794 miserque

479 3878 488 3906 ¹
514 3873 650 3932 Allucion
665 3875 805 3951 poetique
823 3889 852 3934 et
869 3877 1054 3952 ingenitate,
1072 3878 1088 3937 'a
1106 3879 1222 3958 Jupiter
1239 3877 1419 3939 transtorme
1434 3898 1478 3940 en

433 3975 513 4050 pluie
527 3974 609 4058 d'or,
625 3991 705 4048 pour
719 3974 834 4032 se'duire
847 3975 957 4050 Danae.
1430 3991 1433 3994 '
