3164 5352
448 517 520 592 240
562 529 646 586 uns
675 498 1117 586 udrsuonrnosus
1146 526 1377 608 nrovros,

495 679 664 775 Laberis,
679 675 875 772 OEbalide,
893 675 1017 772 primd
1034 674 1204 754 fraudate
1217 681 1374 776 juventi
1388 689 1415 778 ¹,

447 807 615 881 Phoebus
627 803 680 878 ait
697 832 705 878 :
721 801 909 899 videoque
921 813 1055 900 tuum,
1073 829 1156 876 mea
1172 789 1335 880 crimina
1350 807 1509 882 vulnus.

447 941 510 1016 Tu
525 940 634 1014 dolor
646 963 684 1011 es
698 936 918 1034 facinusque
933 961 1075 1010 meum.
1095 937 1178 1010 Mea
1189 937 1347 1014 dextera
1357 941 1427 1014 leto

447 1071 690 1150 Inscribenda
704 1081 771 1142 tuo
785 1079 841 1142 est
857 1096 865 1140 :
883 1091 948 1165 ego
961 1068 1135 1180 sumztibi
1148 1067 1296 1144 funeris
1312 1083 1446 1144 auctor.

460 1237 465 1248 ·
498 1205 594 1293 Quoe
610 1227 693 1276 mea
708 1199 818 1296 culpa
831 1197 982 1270 tamen?
995 1196 1071 1270 nisi
1085 1197 1117 1269 si
1129 1198 1285 1297 lusisse,
1300 1200 1424 1276 vocari

449 1333 568 1430 Culpa
582 1339 702 1428 potest
722 1356 730 1400 ε
749 1325 824 1398 nisi
841 1325 951 1424 culpa
963 1337 1104 1424 potest,
1123 1336 1160 1400 ct
1175 1353 1336 1427 amasse,
1352 1329 1491 1404 vocari.

447 1463 574 1560 ¹Atque
590 1461 738 1533 utinam
751 1437 826 1554 pro
838 1468 874 1530 te
887 1455 1027 1551 vitam,
1042 1467 1217 1530 tecurnve
1232 1457 1362 1532 liceret

450 1592 640 1668 Reddere!
663 1585 732 1661 Sed
744 1585 926 1683 quoniam
939 1584 1044 1658 fatali
1056 1586 1135 1684 lege
1150 1599 1347 1686 tenemur,

450 1729 606 1826 Semper
621 1724 695 1798 eris
708 1745 879 1816 mecum,
898 1721 1135 1816 memorique
1147 1717 1309 1794 haerebis
1323 1721 1364 1794 in
1382 1747 1453 1794 ore.

451 1858 506 1933 Te
522 1860 605 1957 lyra
617 1856 725 1954 pulsa
737 1877 855 1928 manu
863 1909 874 1948 ,
890 1863 927 1924 te
941 1851 1108 1926 carmina
1123 1865 1252 1926 nostr-s
1266 1857 1471 1928 sonabunt:

451 1991 611 2088 Flosquc
624 2012 749 2062 novus
762 1989 901 2082 scripto
913 1983 1073 2082 gemitus
1087 1985 1282 2059 imitabere
1297 2000 1453 2061 nostros.

451 2118 619 2214 Tempus
632 2128 669 2189 et
683 2111 780 2186 illud
795 2111 884 2208 erit,
904 2137 981 2207 quo
994 2137 1033 2185 se
1050 2110 1276 2186 fortissimus
1294 2114 1408 2188 heros

453 2247 577 2326 Addat
589 2251 631 2322 in
645 2247 750 2322 hunc
764 2247 894 2320 florem
906 2275 917 2343 3
934 2244 1101 2342 lolioque
1114 2245 1257 2343 legatur
1269 2247 1414 2322 eodem.

502 2378 608 2453 Talia
620 2378 716 2453 dum
731 2401 821 2452 vero
834 2387 1095 2448 memorantur
1108 2373 1293 2470 Apollinis
1310 2401 1395 2470 ore,

438 2511 548 2592 [Ecce
561 2535 695 2606 cruor,
710 2508 779 2605 qui
793 2506 899 2580 lusus
914 2505 1024 2578 humi
1041 2506 1251 2602 signaverat
1263 2505 1444 2604 herbam,

456 2639 604 2744 Desinit
618 2661 694 2709 esse
708 2660 823 2708 cruor
839 2661 846 2707 :
862 2631 1055 2730 Tyrioque
1068 2631 1250 2704 nitentior
1263 2643 1365 2704 ostro

456 2771 541 2847 Flos
554 2771 695 2864 oritur3
708 2765 944 2861 formamque
956 2763 1074 2862 capit,
1089 2789 1203 2860 quam
1220 2762 1300 2835 lilia
1317 2790 1324 2836 :
1341 2763 1470 2837 sinon

457 2903 677 3002 Purpureus
691 2901 793 2974 color
805 2898 916 2994 huic,
935 2908 1130 2994 argenteus
1147 2906 1240 2966 esset
1257 2887 1402 2968 inillis.

457 3033 544 3108 Non
557 3033 643 3106 satis
656 3030 729 3103 hoc
740 3027 884 3100 Phoebo
898 3039 972 3122 est,
988 3025 1020 3098 is
1034 3031 1137 3098 enim
1151 3024 1225 3098 luit
1238 3037 1370 3098 auctor
1382 3023 1559 3097 honoris.

458 3163 543 3261 Ipse
555 3188 641 3236 suos
657 3158 815 3258 gemitus
830 3155 929 3244 foliis
945 3157 1138 3252 inscribit,
1153 3168 1190 3228 et
1205 3157 1241 3228 ai
1254 3155 1290 3227 ai
1304 3163 1319 3193 ⁸

459 3295 544 3368 Flos
560 3293 673 3367 hebet
686 3288 911 3383 inscriptum
929 3315 936 3358 :
951 3285 1173 3381 funestaque
1186 3288 1294 3359 litera
1306 3287 1421 3360 ducta
1435 3297 1504 3360 est.

460 3424 536 3503 Nec
552 3423 721 3523 genuisse
735 3417 853 3518 pudet
867 3416 1024 3513 Sparten
1038 3415 1282 3513 Hyacinthon
1304 3445 1312 3491 ι
1329 3416 1539 3516 honorque

505 3639 515 3670 ¹
540 3634 722 3714 Apostrophe
732 3635 775 3690 ad
783 3632 1077 3710 Hyacinthumptena
1087 3629 1223 3705 aerffectds,
1234 3630 1342 3686 dolon's
1354 3641 1383 3685 et
1390 3647 1498 3704 quero·

462 3740 568 3792 larum.

506 3851 520 3881 ²
542 3851 622 3906 Nam
643 3847 674 3906 in
694 3847 858 3922 Hyacinthe
867 3849 955 3923 flore
974 3847 1091 3924 syllaba
1109 3847 1245 3922 geroium
1267 3842 1435 3920 signficam
1453 3843 1502 3901 bis

464 3945 601 4023 inscripta
616 3947 739 4006 videtur.
