3248 5336
450 451 525 532 556
567 469 653 528 aas
681 437 1125 522 narrauoarnoses
1155 450 1379 526 movrnc,

450 616 661 693 Sustinuit:
676 613 885 707 faciemque
897 609 988 681 Dese
1004 603 1187 702 culpavit.
1203 603 1255 676 At
1270 601 1328 675 illi

450 755 514 830 Ira
528 751 637 826 ferox
652 759 754 828 mota
770 756 845 838 est3
860 741 1055 836 Factisque
1067 737 1317 835 placebimus,
1332 730 1481 828 inquit.

451 889 528 965 Nec
542 909 649 960 mora
664 877 842 954 curvavit
857 899 1002 969 cornu,·
1012 895 1209 966 nervoque
1225 867 1392 964 sagittam

451 1018 630 1118 Impulit;
645 1025 684 1088 et
697 1017 873 1086 meritam
886 1005 1031 1102 trajecit
1046 1001 1236 1078 arundine
1250 1001 1433 1096 linguam.

449 1152 597 1248 Lingua
608 1156 705 1220 tacet
721 1173 729 1218 :
746 1167 815 1216 nce
826 1165 907 1214 vox
918 1149 1134 1233 tentataque
1146 1137 1264 1214 verba
1275 1139 1517 1229 sequuntur3

451 1285 736 1377 conantemque
752 1259 859 1373 loqui
875 1299 965 1348 cum
978 1269 1160 1367 sanguine
1175 1268 1255 1342 vita
1272 1263 1442 1360 reliquit.

500 1421 643 1514 Quem,
653 1413 819 1494 miserati
829 1410 960 1510 pictas!
969 1430 1034 1502 ego
1042 1417 1126 1476 tum
1134 1415 1345 1498 patruoque
1352 1395 1527 1470 dolorem

451 1554 572 1629 corde
585 1551 677 1627 tuli!
693 1546 879 1643 fratrique
893 1541 957 1640 pio
969 1537 1097 1612 solatia
1109 1534 1216 1608 dixi!

452 1695 547 1780 Quae
560 1698 665 1784 pater
677 1679 780 1756 haud
794 1678 915 1771 aliter,
929 1673 1046 1772 quam
1059 1683 1184 1745 cautes
1197 1691 1398 1744 murmura
1409 1665 1539 1764 ponti,

452 1822 598 1920 Accipit
615 1849 622 1893 :
639 1827 677 1890 ct
689 1827 817 1890 natam
833 1810 1109 1884 delamentatur
1121 1802 1309 1880 ademtam
1325 1812 1350 1878 ¹.

451 1959 505 2033 Ut
516 1957 608 2032 vcro
625 1951 821 2026 ardentem
834 1944 953 2047 vidit,
969 1956 1102 2043 quater
1115 1944 1279 2040 impetus
1293 1939 1352 2013 illi

452 2095 499 2170 In
513 2087 655 2166 medios
665 2071 745 2158 'fnit
757 2082 813 2154 irc
825 2050 932 2177 rogos
949 2107 958 2152 :
973 2091 1107 2176 quater
1120 2076 1210 2150 inde
1226 2075 1402 2172 repulsus

453 2226 607 2304 Concita
619 2220 789 2295 membra
800 2213 896 2312 fugae
910 2211 1064 2287 mandat
1078 2239 1088 2284 :
1104 2209 1314 2306 similisque
1326 2209 1511 2304 juvenco,

455 2359 606 2460 Spicula
618 2355 846 2430 crabronum
860 2347 985 2446 pressei
997 2319 1148 2419 cervice*
1158 2342 1319 2440 gerenti,

454 2493 540 2582 Qua
553 2491 617 2566 via
630 2487 753 2580 nulla,
769 2483 861 2556 ruit.
878 2483 962 2555 lam
974 2493 1059 2555 tum
1073 2479 1171 2554 mihi
1185 2503 1336 2552 currere
1348 2479 1455 2552 visus
1490 2529 1494 2534 -

456 2627 546 2701 Plus
561 2621 718 2698 homine
732 2629 786 2691 cst
804 2647 811 2692 :
828 2617 978 2713 alasque
991 2613 1103 2714 pedes
1116 2601 1299 2688 sumsisse
1306 2623 1472 2709 putares.

458 2755 598 2852 Effugit
610 2776 695 2848 ergo
709 2773 859 2844 omnes;
874 2746 1062 2841 veloxque
1077 2743 1256 2841 cupidine
1272 2743 1338 2816 leti

457 2888 606 2962 Vortice
622 2877 792 2955 Parnassi
809 2877 966 2974 potitur.
982 2875 1180 2949 Miseratus
1194 2875 1327 2972 Apollo
1344 2903 1352 2947 :

460 3021 558 3096 Ciun
573 3043 612 3090 se
627 3011 822 3090 Daedalion
836 3035 925 3084 saxo
938 3007 1100 3082 misisset
1112 3007 1159 3079 ab
1173 3005 1267 3102 alto,

459 3152 562 3230 Fecit
576 3175 706 3244 avem,
722 3159 759 3220 et
772 3144 906 3218 subitis
921 3141 1149 3240 pendentem
1166 3140 1318 3214 sustulit
1330 3139 1419 3236 alis;

405 3306 406 3311 ’
463 3286 614 3378 Oraque
628 3279 775 3353 adunca
787 3277 908 3374 dedit,
924 3301 1062 3350 curvos
1075 3273 1180 3348 dedit
1192 3273 1387 3371 unguibus
1402 3273 1550 3370 hamos,

463 3411 654 3484 Virtutem
668 3407 881 3503 antiquam,
897 3406 1053 3500 majores
1066 3429 1223 3501 corpore
1236 3401 1347 3475 vires.

463 3537 511 3612 Et
526 3561 631 3610 nunc
645 3537 832 3633 accipiter,
849 3535 966 3608 nullis
981 3536 1068 3607 satis
1081 3561 1231 3631 aequus,
1247 3533 1289 3606 in
1303 3558 1435 3608 omncs

438 3755 445 3762 ,
466 3669 582 3745 Saevit
594 3693 700 3762 avcs3
715 3667 872 3762 aliisque
885 3665 1015 3739 dolens
1028 3665 1071 3740 fit
1084 3671 1193 3738 can'sa
1207 3665 1372 3740 dolendi.

509 3871 520 3903 ⁸
540 3867 777 3946 uelamentum,
791 3861 883 3920 valde
896 3863 1085 3944 lamentatur,
1100 3878 1130 3925 ut
1142 3866 1282 3926 deamata
1293 3867 1386 3926 valde
1398 3835 1499 3926 amare
