3196 5346
443 541 514 618 ι8ο
555 556 642 612 urs
669 526 1108 609 nbrluonrnosns
1137 549 1369 631 movsen,

440 701 512 778 Vel
522 703 626 774 certe
641 722 722 770 non
736 695 828 790 boc,
846 692 915 790 qui
928 692 1118 790 plurimus
1131 693 1231 792 urit,
1246 707 1284 769 et
1295 695 1390 768 ussit

440 832 595 906 Pectora
609 837 755 922 nostra,
774 825 875 918 Dec,
891 819 955 894 sed
972 822 1073 895 victa
1086 823 1245 899 libidine
1261 825 1402 899 credar.

438 961 613 1057 Denique
628 961 704 1055 jem
716 981 865 1054 nequeo
880 955 937 1028 nil
950 955 1178 1030 commisisse
1193 959 1414 1033 nefandum.

438 1091 488 1166 Et
502 1088 651 1186 scripsi,
671 1099 708 1160 et
720 1084 813 1184 petii
825 1113 838 1158 .·
853 1095 1031 1158 temerata
1042 1097 1098 1158 est
1110 1098 1239 1161 nostra
1249 1087 1440 1160 voluntas:
1582 1052 1586 1147 l

439 1222 493 1295 Ut
508 1219 609 1294 nihil
621 1217 811 1313 adjiciam,
829 1241 909 1290 uon
923 1241 1077 1312 possum
1093 1217 1352 1292 innoxiadici.
1585 1192 1586 1203 ἵ

440 1349 552 1438 Quod
563 1357 749 1447 superest,
759 1345 926 1420 multum
936 1347 1146 1444 estinvota,
1155 1347 1366 1422 incrimine
1372 1365 1536 1444 parvum.¹

487 1483 598 1558 Dixit
611 1511 621 1555 ε
637 1491 693 1578 et,
708 1479 862 1554 incertae
873 1491 978 1553 tanta
989 1491 1045 1554 est
1058 1478 1245 1554 discordia
1260 1480 1397 1554 mentis
1408 1481 1417 1552 l

437 1611 537 1684 Ciam
553 1611 673 1707 pigeat
684 1616 863 1700 tentasse,
881 1605 975 1680 libet
989 1617 1133 1680 tentare
1150 1607 1408 1704 :modumque

438 1737 545 1831 Exit3
564 1747 601 1807 et
614 1732 750 1806 infelix
766 1732 970 1805 committit
982 1759 1079 1831 saepe
1091 1735 1236 1831 repelli.

437 1866 533 1942 Mox
545 1863 614 1936 ubi
628 1860 716 1934 linis
733 1861 854 1956 abest,
873 1862 1033 1957 patriam
1044 1861 1142 1960 fugit
1153 1865 1236 1962 ille,
1254 1863 1449 1962 nefasque,

438 1995 561 2091 lnque
574 1987 770 2088 peregrini
785 1987 895 2085 ponit
910 2013 1010 2064 nova
1025 1993 1168 2064 moenia
1184 1993 1295 2068 terri.

439 2125 542 2200 Tum
558 2123 650 2195 verb
663 2131 836 2193 moestam
849 2118 926 2192 total
939 2119 1107 2193 Miletida
1122 2135 1251 2196 mente

439 2251 625 2330 Desecisse
636 2247 767 2321 lerunt
785 2275 794 2320 :
813 2258 897 2318 tum
914 2247 1006 2320 ver'o
1017 2273 1039 2319 a
1050 2259 1199 2345 pectore
1214 2260 1357 2324 vestem

438 2384 638 2482 Deripuit,
656 2379 879 2479 planxitque
891 2405 978 2452 suos
991 2378 1199 2455 firribunda
1209 2381 1385 2456 lacertos:

440 2522 599 2616 Jamque
610 2515 734 2613 palam
747 2524 802 2584 cst
814 2512 984 2607 demens,
1001 2510 1330 2611 inconcessamque
1344 2513 1482 2589 fatetur

440 2649 555 2746 Spem
566 2643 723 2724 Veneris
740 2673 749 2717 z
764 2644 845 2715 sine
859 2642 934 2738 qud
945 2642 1122 2739 patriam,
1137 2643 1355 2740 invisosque
1367 2658 1530 2743 penates,

442 2780 609 2874 Deserit,
625 2791 660 2852 et
674 2776 823 2875 profugi
838 2775 1011 2871 sequitur
1026 2775 1179 2872 vestigia
1194 2775 1331 2854 frium

443 2910 570 3006 thue
585 2919 653 2980 tuo
669 2917 800 3001 motae,
815 2882 938 3001 proles
955 2905 1151 3002 Semeleia,
1167 2903 1300 3004 thyrso
1316 2913 1326 2943 ¹

441 3038 607 3117 Ismariae
623 3035 811 3110 celebrant
826 3037 982 3134 repetita
995 3037 1160 3110 triennia
1170 3039 1344 3140 Bacche,

441 3169 602 3268 Byblida
614 3195 694 3242 non
705 3168 813 3242 aliter
828 3168 922 3241 latos
937 3167 1099 3241 ululasse
1111 3195 1179 3266 per
1191 3194 1295 3264 agros

445 3297 648 3378 Bubasides
661 3299 791 3372 videre
803 3323 925 3370 nurus
944 3324 952 3371 :
968 3297 1210 3396 quibus,illa
1225 3297 1383 3394 relictis,

1579 794 1584 854 l

446 3435 577 3528 Caras,
597 3442 634 3501 et
649 3427 842 3502 armiferos
858 3427 1025 3524 Lelegas,
1041 3429 1270 3525 Lyciamque
1283 3440 1463 3524 pererrat.

447 3559 715 3655 Jamcngon,
731 3555 1549 3658 etLymiren,XantliiquereliqueratundaS,
1588 3611 1589 3632 2

494 3759 505 3789 ¹
528 3753 685 3826 chumrc
694 3751 820 3825 Byblida
832 3752 1271 3830 cgitbtamsuissefiuffitpoe‘ta,
1284 3771 1340 3827 quc
1348 3751 1478 3811 Bacchae

451 3861 605 3914 merantur.
989 3859 993 3866 '

493 3949 508 3979 ⁸
530 3947 570 4006 Le
580 3945 693 4020 Cragus
705 3955 749 4004 est
761 3963 820 4002 une
830 3957 989 4025 montagoe
999 3947 1036 4006 de
1045 3947 1132 4026 Lycia
1144 3951 1297 4010 consacrie
1311 3949 1480 4030 dllpollcn.
1496 3989 1499 4002 t
