3262 5342
429 647 478 744 74
550 663 635 720 nus
664 633 1102 720 arirauonruosns
1131 657 1358 738 n’ovrnr,

431 809 509 882 Ora
525 803 667 878 frutex.
683 801 860 878 Ostendit
872 799 999 876 adhue
1012 799 1226 897 Tyune'ius'
1243 801 1322 875 illic

432 933 560 1008 Incola
575 931 623 1006 de
640 932 789 1030 gemino
805 931 952 1007 vicinos
965 955 1122 1027 corpore
1137 941 1305 1005 truncos.

429 1061 520 1137 Haec
532 1061 631 1136 mihi
642 1087 723 1136 non
736 1061 848 1158 vani,
866 1086 992 1158 neque
1008 1072 1088 1134 erat
1100 1085 1172 1134 cur
1183 1059 1312 1136 fallere
1325 1061 1467 1138 vellent
1480 1073 1514 1160 ⁸,

428 1187 638 1266 narravere
654 1216 760 1266 senec
777 1218 787 1266 t
802 1187 980 1290 equidem
993 1187 1198 1288 pendentia
1210 1188 1292 1266 vidi

428 1319 536 1396 Serta
549 1347 664 1420 super
676 1332 801 1398 ramos'
806 1353 817 1420 3
833 1347 1056 1421 ponensque
1072 1321 1256 1418 recentia,
1274 1319 1378 1418 dixi,

428 1429 530 1532 Citra
543 1455 602 1555 pii
616 1455 686 1532 nts
701 1469 812 1555 sunt,
830 1467 888 1553 et,
906 1455 977 1553 qui
988 1452 1137 1528 coluere
1145 1510 1157 1552 ,
1175 1451 1367 1526 coluntur.

658 1679 772 1758 XVI.
804 1686 935 1760 Varioe
947 1686 1079 1758 Protei
1086 1680 1239 1784 fhrmoe.

476 1913 718 1986 Dnsrnnar
739 1941 747 1985 ε
764 1923 996 2010 cunctosque
1013 1925 1050 1985 et
1062 1939 1121 1986 res
1138 1924 1176 1986 et
1188 1923 1360 1986 moverat
1374 1921 1523 2008 auctor,

427 2044 572 2120 Thesea
588 2045 778 2144 praecipue
794 2072 932 2143 :quem
950 2045 1045 2120 facta
1060 2046 1194 2121 audire
1211 2046 1403 2122 volentem

428 2175 529 2252 Mira
541 2175 687 2273 Derim,
706 2177 823 2250 nixus
837 2177 967 2250 cubito
983 2175 1216 2274 Calydonius
1231 2175 1355 2252 munis

427 2307 582 2384 Talibus
595 2309 813 2408 alloquitur.
834 2309 950 2406 Sunt,
968 2309 1011 2383 d!
1032 2309 1255 2406 fortissime,
1272 2333 1440 2406 quorum

428 2435 564 2510 Fonna
575 2438 690 2511 semel
704 2451 807 2512 mota
821 2453 893 2535 est,
913 2451 951 2512 et
965 2437 1009 2512 in
1020 2437 1094 2512 hoc
1110 2439 1359 2513 renovamine
1374 2439 1534 2514 mansit:

428 2567 546 2666 Sunt,
563 2569 704 2669 quibus
718 2570 760 2644 in
770 2571 899 2670 plures
912 2573 973 2668 jus
987 2585 1043 2646 est
1058 2572 1220 2646 transire
1233 2571 1390 2672 figuras:

429 2699 483 2774 Ut
494 2701 584 2800 tibi,
604 2703 794 2802 complexi
808 2716 947 2778 terram
961 2705 1078 2780 maris
1090 2705 1231 2800 incola,
1249 2704 1403 2780 Protcu.

428 2831 524 2907 Nam
537 2832 652 2908 modo
666 2847 704 2908 te
720 2835 921 2934 juvenem,
939 2833 1055 2910 modo
1069 2848 1106 2908 te
1120 2833 1254 2910 videre
1268 2835 1437 2908 leonem:

428 2965 541 3042 Nunc
554 2967 746 3042 violentus
759 2993 870 3066 aper,
889 2992 1015 3064 nunc,
1034 2993 1150 3066 quem
1164 2965 1325 3064 tetigisse
1338 2965 1535 3062 timerent,

427 3093 573 3192 Anguis
588 3121 691 3172 cras:
708 3095 821 3172 modo
834 3109 871 3172 te
888 3095 1074 3171 faciebant
1084 3121 1228 3170 cornua
1241 3107 1410 3168 tamum.

428 3225 533 3322 Saepe
547 3225 640 3324 lapis
654 3229 951 3324 poteras„arbor
963 3252 1118 3325 quoque
1132 3251 1228 3324 saepe
1246 3223 1382 3299 videri.

431 3357 653 3458 lntenlum,
671 3359 805 3434 faciem
817 3358 1053 3457 liquidarum
1068 3357 1238 3432 imitatus
1255 3379 1462 3452 aquarum,

428 3486 591 3562 Flumen
605 3513 684 3560 eras
703 3516 710 3562 :
727 3488 924 3563 interdum
938 3485 1053 3568 undis
1070 3486 1281 3562 contrarius
1295 3483 1403 3582 ignis.

362 3755 365 3770 Ι
475 3687 483 3716 ¹
512 3687 629 3759 Tyania
638 3686 718 3762 regio
730 3697 773 3742 est
779 3687 959 3744 romanica
968 3683 1125 3761 Phrygtoe,
1138 3685 1216 3742 unde
1227 3682 1375 3760 Tyaneus
1383 3683 1475 3740 deeli-

430 3783 499 3842 nan'
514 3784 640 3843 uidetur.

436 3881 442 3894 '
474 3883 488 3912 ²
511 3879 697 3937 Pareuthesis
715 3893 759 3938 est
774 3900 895 3936 causam
915 3883 1064 3938 confinem
1078 3899 1130 3936 cur
1140 3898 1222 3936 senes
1234 3880 1280 3935 itti
1294 3897 1353 3936 non
1367 3878 1480 3934 rnenn'ec'

419 3976 548 4056 suerint.
565 3977 642 4034 Vani
653 3979 731 4034 enim
745 3977 888 4037 r'ntenltlm
898 3993 1048 4056 ponnnwr
1056 3978 1215 4056 prosaltis
1226 3990 1255 4036 et
1269 3975 1475 4045 mendacibms

393 4157 395 4164 Ι
428 4073 575 4132 interdius
581 4095 642 4153 pro
654 4079 757 4134 stultis.
