3248 5336
420 629 493 704 560
540 642 624 698 uus
653 612 1088 696 udrsuonruosus
1121 635 1344 713 nrovroe,

422 794 573 871 Oblitus
590 800 598 830 ¹
615 805 652 867 et
666 790 829 891 spumis,
844 800 882 861 et
895 785 1012 885 spisso
1027 787 1208 884 sanguine
1221 789 1340 862 rictus

423 925 659 1021 Fulmineos3
673 921 791 998 rubrsi
804 918 969 994 suffusus
984 917 1133 994 lumina
1147 919 1310 994 flammi.

424 1055 522 1149 Qui,
537 1077 768 1153 quamquam
782 1048 891 1124 saevit
905 1048 1046 1146 pariter
1058 1049 1237 1147 rabieque
1248 1050 1432 1148 fameque
1440 1073 1460 1146 ,·

424 1185 558 1260 Acrior
575 1196 630 1257 est
642 1183 756 1258 rabie.
773 1181 903 1276 Neque
916 1179 1021 1252 enim
1034 1181 1177 1276 jejunia
1191 1193 1299 1256 curat

425 1315 534 1389 Caede
548 1315 685 1408 boum,
700 1311 898 1407 diramque
910 1309 1054 1408 famen,
1070 1312 1220 1408 satiare3
1236 1313 1300 1387 sed
1312 1337 1437 1387 omne

426 1443 611 1517 Vulnerat
626 1451 862 1535 armentum,
878 1439 1089 1537 sternitque
1102 1438 1290 1516 hostiliter
1302 1465 1435 1516 omne.

427 1573 517 1646 Pars
533 1597 686 1670 quoque
700 1571 748 1646 de
764 1571 873 1646 nobis
886 1570 1036 1645 funesto
1049 1573 1173 1657 saucia
1185 1600 1334 1672 morsu,

429 1709 532 1782 Dum
548 1705 803 1801 defensamus,
816 1703 893 1778 leto
906 1717 961 1779 est
973 1707 1058 1780 data
1074 1735 1083 1780 τ
1098 1710 1277 1806 sanguine
1288 1709 1378 1783 litus

429 1839 616 1937 Undaque
628 1839 752 1936 prima
764 1839 925 1934 rubent,
941 1838 1217 1938 demugitaeque
1230 1851 1244 1880 ¹
1257 1840 1429 1940 paludes.

431 1965 503 2040 Sed
517 1991 623 2040 mora
637 1951 816 2038 damnosa
828 1977 900 2062 est,
917 1991 987 2039 nee
999 1993 1059 2041 res
1071 1968 1245 2043 dubitare
1256 1969 1432 2043 remittit.

431 2099 534 2172 Dum
549 2106 718 2194 superest
732 2095 896 2191 aliquid,
912 2099 1041 2170 cuncti
1055 2103 1245 2196 co‘e'amus,
1260 2111 1299 2173 et
1309 2125 1436 2195 arma,

432 2227 548 2300 Arma
563 2251 814 2323 capessamus,
830 2228 1105 2322 conjunctaque
1120 2231 1193 2302 tela
1206 2199 1384 2302 teramus.

479 2353 637 2426 Dixerat
650 2349 812 2449 agrestis
828 2351 905 2425 Nec
918 2353 1027 2426 Pelea
1040 2351 1180 2430 damna
1194 2357 1417 2452 movebant,

433 2481 526 2580 Sed,
540 2507 688 2558 memor
702 2481 872 2577 admissi,
888 2482 1046 2556 Nereida
1061 2485 1346 2594 colligit-orbum

432 2613 658 2718 Damnasui
670 2611 823 2687 inferias
839 2614 1006 2690 extincto
1020 2617 1170 2692 mittere
1183 2617 1320 2693 Phoco.

482 2745 646 2820 Induere
662 2771 766 2818 arms
782 2745 904 2842 viros,
918 2746 1160 2844 violentaque
1176 2773 1325 2821 sumere
1339 2746 1411 2820 tela

435 2870 519 2950 Rex
531 2878 636 2970 jubet
650 2876 799 2950 OEtaeus
816 2904 825 2950 :
840 2901 929 2949 eum
942 2877 1029 2974 quis
1043 2877 1159 2951 simul
1174 2877 1253 2976 ipse
1268 2878 1419 2977 parabat

432 3005 492 3080 Ire
506 3031 514 3078 :
530 3003 593 3077 sed
611 3003 798 3100 Halcyone
812 3005 954 3100 conjux
970 3007 1092 3080 excita
1104 3008 1278 3081 tumultu

435 3129 604 3226 Prosilit,
620 3141 676 3226 et,
692 3129 865 3203 nondum
881 3142 977 3204 totos
991 3145 1122 3206 ornata
1134 3135 1287 3232 capillos

315 3295 320 3304 ·
436 3259 588 3356 Disjicit'
597 3258 669 3332 hos
685 3259 785 3356 ipsos
803 3289 810 3333 :
826 3261 997 3358 colloque
1010 3261 1135 3336 infusa
1150 3265 1277 3338 mariti
1286 3322 1298 3361 ,

436 3394 618 3466 Mittunt
631 3390 820 3463 auxilium
835 3393 915 3466 sine
930 3419 968 3466 se
976 3453 987 3490 ,
1003 3394 1204 3491 verbisque
1217 3407 1392 3491 precatur

438 3525 485 3596 Et
501 3520 698 3618 lacrymis3
713 3522 932 3620 animasque
948 3523 1041 3598 duas
1056 3537 1101 3597 ut
1117 3539 1241 3600 servet
1257 3527 1300 3600 in
1315 3527 1406 3600 unzi.

486 3651 655 3726 AEacides
669 3651 726 3724 illi
735 3683 745 3746 3
762 3653 962 3751 Pulchros,
979 3655 1136 3754 Regina,
1151 3657 1310 3754 piosque

437 3783 540 3856 Pone
554 3790 676 3854 metus
693 3807 701 3850 :
716 3779 828 3874 plena
841 3793 896 3854 est
911 3785 1086 3879 promissi
1102 3771 1219 3882 gratia
1234 3788 1363 3860 vestri.

348 3949 350 3954 ’
483 3963 492 3992 ¹
520 3959 647 4026 Oblitus,
664 3957 806 4033 participe
820 3959 863 4019 du
877 3963 967 4021 verbe
981 3965 1097 4034 obtine,
1113 3967 1246 4024 madeus.

424 4135 427 4146 Ι
482 4063 495 4094 ²
518 4056 666 4116 Locution
678 4057 836 4136 poetique,
851 4079 932 4137 pour-
943 4061 1006 4121 dire
1018 4065 1171 4139 mugitibus
1185 4074 1359 4123 resonantes.
