3248 5336
404 569 477 664 574
518 589 601 646 nes
630 560 1070 646 urirsuouraosrs
1101 587 1332 664 novius,

405 736 584 834 Coeeaque
596 759 676 808 nox
688 732 878 832 premitur
889 731 1055 807 tenebris
1068 729 1282 830 hiemisque
1295 731 1467 829 suisque.

403 863 625 938 Discutiunt
636 875 761 936 tamen
775 861 842 934 has
849 861 1120 960 ‚praebentque
1132 864 1313 939 micantia
1323 863 1462 940 lumen

403 991 599 1068 Fulmina:
607 989 803 1066 fulmineis
814 989 1179 1088 muescuntignibus
1194 991 1322 1114 undae.

403 1125 478 1200 Dat
489 1147 643 1222 quoque
655 1147 732 1218 Jam
744 1119 884 1194 saltus
872 1131 975 1196 mus
987 1145 1079 1196 aava
1090 1132 1195 1197 texta
1206 1107 1345 1200 eurinae
1602 979 1606 1318 4

402 1255 558 1330 Fluctus
572 1283 580 1328 :
592 1261 648 1351 et,
663 1265 708 1325 ut
719 1249 846 1346 miles,
858 1269 1022 1324 numero
1034 1251 1272 1347 praestantior
1284 1251 1410 1351 omni,

404 1389 503 1464 Cum
519 1411 616 1484 supe
631 1381 778 1458 assiluit
790 1381 953 1456 defense
965 1382 1158 1458 moenibus
1171 1383 1300 1482 urbis,
1603 1405 1606 1508 4

403 1519 476 1616 Spe
491 1516 638 1615 potitur
653 1510 1235 1610 tandem31urdisqueaeeensus
1249 1539 1396 1611 umore,
1605 1515 1606 1520 ’

401 1649 506 1722 Inter
517 1645 622 1720 mille
636 1643 739 1718 viros
756 1667 913 1718 murum
927 1643 1081 1718 tandem
1096 1655 1254 1741 occupat
1267 1669 1384 1718 unus.

400 1780 542 1854 Sicubi
555 1781 757 1876 pulsarunt
770 1804 872 1853 aeres
887 1778 1003 1854 latere
1014 1775 1133 1853 ardua
1148 1778 1306 1876 fluetus,

400 1911 550 1986 Vastiirs
564 1909 762 2008 insurgens
778 1909 933 1986 decimae
945 1909 1026 1986 ruit
1042 1909 1207 2008 impetus
1218 1907 1333 1983 undae
1342 1939 1355 2006 3

401 2041 477 2114 Nec
492 2036 602 2138 prius
616 2037 763 2112 absistit
775 2037 909 2114 fessam
925 2063 1142 2138 oppugnare
1154 2037 1338 2134 carinam,

400 2173 527 2260 Quam
540 2171 648 2247 velut
662 2173 706 2245 in
722 2183 838 2272 capue
851 2171 1050 2246 descendat
1062 2173 1205 2248 moenia
1219 2170 1343 2246 navis.

399 2305 489 2380 Pars
504 2305 622 2407 igitur
634 2307 799 2382 tentabat
812 2306 938 2382 adhuc
954 2305 1134 2382 invadere
1149 2307 1308 2406 pinum;
1605 2301 1606 2372 i

397 2435 487 2510 Pars
495 2435 610 2510 maris
618 2435 723 2509 intus
730 2448 821 2512 erut.
831 2434 1040 2535 Trepidant
1046 2435 1151 2510 haud
1159 2435 1307 2535 segnius
1316 2457 1468 2530 omnes,

397 2561 523 2650 Quam
536 2564 629 2638 solet
641 2566 750 2663 urbs,
766 2567 848 2641 aliis
861 2591 1020 2642 murum
1034 2565 1265 2650 fodienfibus
1278 2575 1404 2658 extra,

396 2695 619 2792 Atquesliis
635 2720 812 2795 murum,
825 2699 1030 2800 trepidare,
1045 2696 1261 2774 tenentibus
1274 2693 1391 2767 intus.

395 2821 534 2898 Deficit
540 2851 617 2922 ars,
628 2826 823 2925 animique
833 2827 975 2903 eadunt
987 2858 995 2902 :
1008 2827 1241 2925 totidemque
1248 2825 1445 2920 videntur,

393 2953 497 3040 Quot
505 2957 668 3032 veniunt
675 2958 832 3058 fluctus,
847 2983 959 3036 ruere
966 2972 1079 3060 atque
1085 2961 1298 3058 irrumpere
1304 2965 1466 3035 mortes.⁹

634 3153 759 3229 XIII.
790 3154 1193 3278 Ceycislnuusragium.
1288 3263 1293 3272 Ι

340 3363 344 3372 ’
435 3345 905 3446 Nontenethielacrymas,
914 3362 1040 3448 stupet
1048 3347 1252 3424 hiezvocat
1261 3348 1324 3422 ille
1333 3349 1471 3444 beatos,
1603 3321 1604 3355 ¹

384 3477 533 3552 Funera
545 3503 640 3578 quos
652 3483 849 3555 maneant:
861 3481 927 3556 hic
941 3482 1039 3556 votis
1054 3507 1201 3571 numen
1214 3481 1363 3577 adorat,

385 3607 953 3712 Brachiaqueadeoelum‚quod
962 3611 1432 3713 nonvidet,i1ritatollens
1602 3631 1603 3721 4

383 3738 506 3812 Poscit
519 3767 629 3840 opem
646 3771 654 3816 :
669 3741 836 3817 subeunt
847 3745 905 3819 illi
919 3745 1126 3844 fratresque
1142 3771 1353 3845 parensque
1361 3773 1372 3840 3

383 3867 577 3976 Huiccum
586 3873 1117 3976 pignoribusdomus,etquod
1128 3874 1464 3976 uriquerelictunr.

429 3998 620 4098 Halcyone
635 4004 754 4100 Ceyca
766 4018 895 4110 movet
905 4035 913 4082 z
925 4007 1053 4108 esycis
1065 4008 1108 4086 in
1121 4035 1185 4118 ore
