3210 5368
414 543 463 620 62
530 559 616 618 nes
646 509 1085 626 nicanoitt’uosns
1114 561 1346 649 n’ovins,

413 707 514 782 Huic
531 731 615 805 ego,
631 731 747 804 quam
761 718 890 805 porto,
905 709 1034 785 nocui.
1051 711 1091 786 Si
1104 715 1208 792 mitis
1222 733 1259 794 et
1271 748 1424 820 aequus,
1456 749 1477 802 ⁴.

414 841 455 914 Si
469 853 593 938 pater,
607 839 879 938 Hippodamas,
894 853 961 915 aut
976 842 1011 922 si
1025 834 1155 922 minias
1169 833 1312 950 impius
1325 873 1439 958 esset,

373 1057 375 1062 .
411 973 556 1050 Debuit
568 971 673 1044 illius
689 970 879 1069 misereri,
895 971 1084 1072 ignoscere
1098 982 1218 1057 uobis.

411 1108 516 1185 Affer
529 1131 640 1206 opem
656 1133 664 1179 :
680 1131 905 1205 menseque,
920 1133 1071 1209 precor,
1083 1111 1230 1190 feritate
1243 1123 1401 1216 paterna

410 1243 487 1340 De,
502 1243 694 1338 Neptune,
709 1239 837 1326 locum
855 1242 940 1316 :vel
954 1233 1123 1320 sit'locus
1139 1248 1239 1350 ipsa,
1256 1253 1405 1354 licebit,

410 1376 520 1452 Hanc
532 1399 686 1474 quoque
698 1374 933 1473 complectar.
949 1369 1071 1452 Movit
1084 1357 1197 1478 caput
1209 1411 1409 1485 aequoreus
1420 1420 1518 1496 rex3

276 1527 286 1552 s
410 1511 684 1608 concussitque
699 1509 778 1584 suis
792 1537 924 1585 omnes
938 1517 1150 1592 assensibus
1163 1522 1285 1599 undas
1301 1533 1325 1601 ¹.

407 1647 600 1724 Extimuit
614 1645 792 1746 Nymphe
809 1675 817 1722 ε
833 1649 945 1722 nabat
960 1661 1098 1728 tamen.
1117 1654 1201 1753 Ipse
1217 1663 1383 1740 natantis

407 1783 563 1859 Pectora
577 1783 772 1879 tangebam
787 1784 935 1882 trepido
951 1789 1121 1866 salientia
1135 1807 1244 1871 motu
1261 1827 1269 1871 :
1401 1861 1403 1866 .

363 1957 371 1964 ·
407 1921 589 2017 'Dumque'
605 1943 648 1991 ec
663 1929 871 2018 contrecto,
886 1932 1011 1998 totum
1028 1923 1225 2004 durescere
1238 1936 1338 2010 sensi

408 2053 577 2148 Corpus3
593 2060 631 2122 et
646 2046 802 2124 inducti
817 2053 931 2126 condi
943 2059 1152 2154 praeconiia
1162 2067 1274 2142 tent.
1354 2101 1357 2110 ·

408 2183 513 2256 Dum
525 2154 675 2278 loquor,
694 2181 867 2278 amplexa
879 2196 935 2258 est
947 2198 1051 2263 artus
1064 2215 1166 2268 nova
1177 2205 1277 2272 terre
1288 2211 1481 2306 natantes,

406 2313 457 2388 Et
467 2315 591 2412 gravis
605 2313 770 2410 increvit
785 2318 939 2394 mutatis
953 2320 1077 2398 insula
1088 2330 1281 2406 membris.

399 2485 406 2502 =
453 2447 589 2524 Amnis
602 2449 649 2521 ab
664 2457 676 2486 ¹
689 2448 750 2522 his
763 2452 891 2527 tacuit.
908 2453 1062 2530 Factum
1077 2459 1249 2537 mirabile
1263 2481 1420 2546 cunctos

403 2581 588 2657 Moverat.
607 2581 746 2656 Irridet
759 2583 969 2684 credentes,
985 2602 1105 2688 utque
1121 2595 1291 2674 Deorum

402 2713 557 2810 Sprctor
573 2725 671 2810 erat,
690 2716 905 2811 mentisque
921 2719 1049 2819 ferox,
1066 2725 1201 2802 lxione
1217 2731 1366 2835 natus,

402 2847 511 2920 Facta
523 2842 658 2941 refers,
673 2845 915 2946 nimiumque
932 2866 1060 2953 putas,
1077 2858 1258 2965 Acheloe,
1273 2885 1446 2970 potentes

402 2983 490 3058 Esse
507 2983 624 3079 Deos,
640 2982 757 3081 dixit,
774 2984 914 3064 sidant
930 2993 1182 3096 adimuntque
1197 3003 1345 3103 figuras.

402 3117 643 3214 Obstupuere
656 3144 808 3217 omnes;
825 3149 894 3197 nec
906 3126 994 3200 talia
1007 3128 1106 3206 dicta
1118 3139 1348 3244 probabunt,

402 3249 501 3324 Ante
513 3275 720 3350 omnesque
732 3251 867 3353 Lelex,
882 3258 1010 3335 animo
1026 3278 1199 3344 maturus
1214 3287 1250 3347 et
1262 3303 1362 3377 aevo,

443 3468 454 3499 ¹
476 3463 597 3522 Grande
610 3475 639 3522 et
650 3463 726 3524 belle
739 3468 852 3547 image!
866 3472 895 3530 le
906 3493 971 3534 mer
987 3478 1097 3538 entitre
1112 3483 1213 3562 e'egite
1228 3499 1258 3546 et
1271 3509 1301 3548 te
1316 3495 1438 3559 oculive

395 3584 440 3626 nn
451 3566 533 3644 signe
544 3567 581 3626 de
594 3567 653 3626 ute
665 3569 703 3628 de
714 3573 862 3647 Neptune.

444 3669 458 3698 ⁸
479 3667 553 3722 Hoec
570 3669 613 3724 ad
623 3675 833 3731 connectendas
849 3696 918 3753 quoe
933 3683 1120 3756 subjiciantur
1129 3691 1380 3772 Metamoqsuases
1390 3707 1438 3761 di-

396 3777 509 3820 cuntur.
526 3766 706 3826 Narraturus
718 3774 794 3828 enirn
809 3790 851 3833 est
856 3786 951 3854 poeta
963 3791 1211 3860 quemadmodum
1224 3799 1337 3872 Jupiter
1348 3815 1436 3880 atque

399 3865 560 3925 Mercurius
573 3870 603 3926 in
618 3869 766 3932 bominum
773 3877 895 3956 figuras
909 3893 1037 3948 conuersi
1048 3893 1208 3975 Phrygiam
1216 3921 1431 3982 peragrarunt,

396 3980 431 4025 ut
441 3965 590 4027 hominum
605 3971 830 4040 benevolentiam
843 3991 1051 4064 experirentur.
