3262 5342
297 573 299 582 '
412 577 461 654 54
527 560 1083 648 assnsrsnosrnosss
1114 579 1347 657 novius,

411 740 509 814 Cum
525 735 685 835 gemitu,
704 731 919 826 sociamque
933 725 1008 799 rori
1022 739 1130 800 vocat
1145 752 1211 800 ore
1227 755 1432 827 suprem03

412 867 585 944 Forsitan
601 875 638 939 et
654 873 824 938 matrem.
844 859 1026 932 Crescunt
1042 856 1214 956 ignisque
1227 860 1432 959 dolorque,

411 987 749 1096 Languescuntque
763 993 903 1066 iteruin
917 1018 925 1065 ε
941 988 1056 1065 simul
1068 1003 1122 1064 est
1135 991 1326 1068 extinctus
1339 1005 1524 1091 uterque,¹

410 1129 537 1228 Inque
548 1127 650 1201 leves
666 1123 760 1198 abiit
772 1120 954 1228 paulatim
966 1119 1123 1218 spiritus
1138 1149 1262 1199 aurae.

523 1337 627 1414 xn.
654 1336 845 1434 Meleagri
859 1357 1004 1406 sorores
1016 1333 1056 1406 in
1072 1357 1162 1408 oves
1179 1345 1347 1410 mutatu.

459 1551 592 1628 'Aura
605 1550 718 1645 jaect'
734 1541 901 1643 Calydon
919 1543 1067 1643 :lugent
1078 1546 1310 1646 juvenesque
1323 1571 1522 1644 senesque:

411 1689 650 1786 vulgusque,
664 1705 910 1782 proceresque
923 1690 1080 1778 gemunt
1095 1708 1105 1756 ε
1121 1682 1317 1780 scissaeque
1331 1681 1487 1780 capillos

411 1815 647 1916 Planguntur
662 1823 800 1887 inatres
815 1809 1063 1910 Calydonides
1080 1811 1275 1888 Eveninae.

410 1949 576 2024 Pulvere
591 1945 766 2020 canitiem
783 1943 930 2041 genitor
941 1943 1149 2042 vultusque
1166 1943 1300 2025 seniles
1351 1929 1354 1940 ¹

411 2079 543 2156 Foedat
556 2075 669 2150 humi
682 2073 790 2150 fusus
799 2075 1107 2172 ‚spatiosumque
1122 2075 1291 2172 increpat
1302 2097 1444 2149 aevnm.

409 2205 506 2282 Nam
518 2202 565 2277 de
582 2212 700 2274 matre
715 2227 871 2298 manus,
886 2200 964 2275 diri
980 2202 1053 2302 sibi
1067 2203 1214 2277 conseia
1227 2201 1337 2301 fecti,

409 2335 543 2434 Exegit
560 2359 710 2432 poenas,
724 2345 806 2407 acto
823 2359 890 2431 per
905 2335 1050 2426 viscera
1064 2331 1178 2409 ferro.

411 2471 497 2546 Non
510 2469 609 2544 mihi
622 2468 654 2542 si
670 2479 825 2542 centnm
841 2469 945 2542 Deus
958 2494 1024 2542 ora
1040 2467 1229 2562 sonantia,
1246 2467 1386 2565 linguae

411 2597 688 2697 Ingeniumque
705 2621 840 2694 capax,
859 2608 1059 2694 totumque
1074 2597 1254 2671 Helicona
1265 2573 1447 2692 desiisset3

413 2730 553 2805 Tristia
568 2754 814 2828 persequerer
828 2727 1053 2803 miserarum
1066 2730 1166 2805 dicta
1180 2757 1366 2806 sororum.

411 2865 656 2940 Immemores
673 2859 837 2955 decoris,
852 2861 1011 2934 liventia
1024 2873 1174 2959 pectora
1187 2861 1377 2956 tundunt3

411 2993 591 3087 Dumque
601 2998 727 3062 manet
735 3011 883 3085 corpus,
895 3013 1032 3086 corpus
1038 2988 1286 3087 refoventque
1293 2989 1500 3087 foventque
1508 3023 1519 3088 3

412 3121 551 3198 Oscula
563 3118 655 3193 dant
672 3119 765 3216 ipsi,
780 3119 904 3217 posito
916 3119 1010 3196 dant
1023 3121 1150 3196 oscula
1164 3121 1274 3198 lecto.

410 3251 500 3325 Post
512 3249 696 3344 cinerem,
711 3249 855 3324 cineres
870 3249 1024 3326 haustos
1037 3252 1082 3325 ad
1096 3265 1246 3350 pectora
1259 3263 1450 3350 pressant:

411 3381 627 3480 Affusaeque
642 3384 765 3478 jacent
781 3359 958 3459 tumulo:
974 3383 1190 3482 signataque
1206 3397 1296 3458 saxo

409 3511 575 3592 Nomina
590 3510 817 3609 complexae,
833 3513 1017 3611 lacrymas
1034 3515 1075 3586 in
1091 3513 1248 3586 nomina
1262 3509 1446 3586 fundunt.

458 3639 582 3736 Quas,
597 3637 834 3712 Parthaoniae
850 3631 1003 3715 landem
1017 3641 1146 3716 Latois
1161 3639 1263 3714 clade

451 3841 459 3872 ¹
480 3839 611 3896 Moemm
620 3856 660 3894 ex
670 3851 761 3898 mone
770 3839 914 3914 Meleagri
922 3853 1058 3914 concepto
1067 3839 1203 3896 cecidisse
1211 3837 1352 3910 aejacere
1361 3835 1446 3892 vide·

411 3937 496 3992 batur
516 3935 649 4010 Calydon
661 3955 764 4014 ,quae
776 3936 873 4012 paulo
893 3949 961 3994 aare
980 3937 1084 3994 virtute
1102 3937 1193 4012 elisius
1212 3939 1274 3994 alta
1285 3945 1450 4010 poteroque

410 4045 483 4090 erat.
