3242 5348
435 617 489 727 88
550 635 636 692 nes
664 603 1100 690 udrAuournoses
1130 631 1358 714 norror,

434 783 539 858 Esset
553 781 670 877 hero,
688 779 923 876 fonnamque
939 771 1074 875 noret,
1091 774 1322 880 vultumque
1338 783 1488 858 viritem

433 911 585 1008 Induit,
600 923 638 985 et
650 909 775 984 cultus
788 909 928 1006 pisoem
941 906 1175 1004 cupientibus
1187 923 1305 1010 aptos.

483 1043 589 1117 Hunc
602 1040 782 1114 dominus
793 1052 980 1137 spectans,
995 1041 1051 1115 01
1067 1039 1136 1138 qui
1149 1041 1353 1140 pendentia
1366 1065 1487 1142 parvo

435 1171 529 1262 AErn¹
539 1171 622 1244 cibo
634 1170 750 1268 celas,
765 1168 979 1242 moderator
991 1166 1211 1264 arundinis,
1228 1172 1381 1270 inquit,

436 1299 498 1373 Sio
514 1323 617 1372 mare
628 1297 898 1394 compositum,
914 1297 968 1370 sie
981 1297 1029 1371 sit
1042 1298 1114 1372 tibi
1125 1299 1237 1397 piscis
1249 1302 1291 1376 in
1307 1300 1412 1376 undu

437 1433 641 1528 credulus,
661 1443 697 1505 et
710 1431 855 1527 nullos,
875 1429 950 1504 nisi
963 1431 1083 1528 fixus,
1100 1435 1236 1511 sentiet
1250 1434 1401 1510 hamos:

438 1561 533 1648 Quae
545 1559 676 1653 modo,
695 1583 783 1631 eum
799 1557 871 1632 vili
884 1557 1044 1632 nubatis
1057 1570 1160 1634 veste
1172 1559 1332 1658 espillis,

437 1691 564 1764 Litore
577 1689 620 1763 in
632 1688 707 1763 hoo
718 1697 888 1784 steterat,
901 1705 992 1761 narn
1006 1701 1166 1764 stantem
1179 1691 1221 1764 in
1237 1691 1347 1764 litore
1361 1689 1469 1787 ridi,

436 1821 508 1896 Die
521 1821 590 1896 ubi
604 1821 652 1895 sit
670 1849 677 1894 :
693 1819 935 1916 nequeenim
947 1817 1103 1916 vestigia
1114 1820 1262 1918 longius
1275 1831 1437 1894 exstant.

485 1947 557 2022 1110
566 1946 638 2019 Dei
651 1969 793 2020 munus
807 1943 903 2016 bene
916 1942 1047 2016 eedere
1063 1944 1177 2017 sentit
1192 1974 1203 2019 ε
1218 1957 1254 2018 et
1267 1973 1289 2018 a
1301 1971 1350 2018 se-

437 2077 485 2151 Se
498 2073 791 2175 quaerigeudens
801 2131 812 2170 ,
823 2073 892 2146 his
910 2085 965 2146 est
980 2085 1148 2148 resecuta
1162 2081 1368 2176 rogantem.

438 2203 621 2304 Quisquis
634 2229 691 2298 es,
707 2202 871 2298 ignoscas
886 2229 894 2275 :
909 2201 951 2274 in
968 2203 1114 2278 nullam
1130 2204 1277 2278 lumina
1293 2217 1436 2302 purtem

437 2331 593 2430 Gurgite
606 2332 653 2405 ab
667 2329 741 2404 hoe
754 2329 865 2426 flexi,
883 2330 1086 2430 studioque
1101 2347 1274 2433 operatus
1286 2333 1434 2426 inhaesi,

437 2465 599 2562 Quoque
612 2462 742 2538 minus
755 2461 925 2562 dubites,
941 2464 1076 2540 siches
1088 2461 1190 2540 Deus
1203 2435 1472 2565 equorisairtes

399 2669 403 2678 .
437 2597 623 2694 Adjuvet,
641 2607 686 2669 ut
698 2619 811 2668 nemo
828 2595 904 2688 jem
920 2593 1070 2670 dudum
1085 2595 1196 2670 litore
1207 2594 1250 2668 in
1263 2597 1355 2691 isto,

436 2725 498 2800 Me
512 2737 640 2798 tamen
651 2733 827 2818 excepto,
846 2747 916 2804 nec
928 2721 1086 2798 foemina
1100 2721 1369 2798 constititsulle.

435 2855 789 2931 Crediditzetverso
802 2851 981 2926 dominus
993 2852 1089 2950 pede
1101 2853 1237 2948 pressit
1247 2874 1423 2942 nieuw,

433 2989 647 3084 Elususque
663 2982 777 3058 abiit:
794 2983 852 3056 illi
864 3010 932 3062 sue
944 2983 1090 3060 reddite
1101 2981 1223 3057 forms
1235 2993 1302 3057 est.

433 3114 502 3189 Ast
518 3115 587 3208 ubi
600 3113 737 3186 habere
753 3137 861 3186 suum
876 3111 1116 3186 transformia
1128 3135 1284 3209 corpore
1299 3108 1431 3203 sentit,

432 3247 539 3341 Saepe
554 3255 658 3341 pater
674 3242 839 3316 dominis
852 3242 1053 3340 Triopeida
1065 3243 1199 3318 vendit
1216 3273 1224 3317 :
1238 3255 1277 3318 at
1289 3245 1362 3328 illa,

430 3374 544 3450 Nune
554 3399 666 3469 equs,
676 3397 779 3445 nunc
787 3371 1089 3470 ulee,moddbos,
1099 3374 1212 3448 modo
1219 3399 1353 3447 cervus
1360 3372 1509 3471 abibat;

430 3507 698 3602 Praebebetque
710 3503 822 3578 avido
836 3530 916 3580 000
925 3509 1024 3603 justa
1036 3507 1214 3582 alimento
1226 3506 1384 3605 parenti.

429 3637 498 3712 Vis
511 3649 637 3711 temen
650 3636 714 3708 ille
726 3637 816 3709 mnli
828 3650 913 3734 post
925 3640 1041 3738 quiun
1053 3647 1309 3712 consumserat
1321 3659 1476 3710 omnem

428 3767 642 3864 Materiam,
661 3765 889 3866 dederatque
901 3771 1006 3868 gravi
1022 3795 1121 3858 nova
1135 3767 1273 3866 pabua
1284 3765 1439 3860 morbo,

387 3915 390 3924 ’
427 3896 864 3994 lpsesuosartuslaeero
881 3901 1061 3976 divellere
1076 3925 1205 3975 morsu
1383 3905 1386 3912 ’

428 4025 553 4126 Coepit
569 4035 629 4124 pet
641 4025 777 4114 infelix
790 4029 1000 4107 minuendo
1013 4053 1150 4130 eorpus
1160 4025 1294 4106 elebata
