3230 5348
422 594 492 668 166
537 609 621 666 uus
649 577 1086 662 nnnnnonnnosns
1117 595 1341 674 novum,

420 755 493 830 Pre
506 756 655 828 Venus!
674 764 710 824 et
723 747 851 822 tenent
865 740 1020 820 volucer
1036 771 1125 818 cum
1140 760 1258 822 matre
1273 739 1444 847 Cupido!

421 887 566 960 Gaudia
582 896 722 982 quanta
738 879 829 953 tuli!
850 877 964 974 quum
982 901 1043 950 me
1057 876 1253 951 manifesta
1264 879 1384 952 libido
1443 913 1448 922 ·

420 1015 603 1112 Contigit!
621 1027 666 1086 ut
678 1013 777 1108 jacui
790 1009 879 1082 totis
896 1006 1058 1080 resoluta
1073 1005 1274 1083 medullis!

418 1141 471 1214 Ut
483 1141 697 1215 meminisse
710 1141 839 1235 juvat!
860 1135 1035 1233 quamvis
1050 1135 1178 1210 brevis
1191 1138 1256 1212 illa
1267 1139 1460 1236 voluptas,

420 1271 579 1368 Noxque
593 1269 668 1344 fuit
680 1291 863 1366 praeoeps,
883 1275 921 1337 et
930 1266 1064 1360 coeptis
1081 1266 1213 1342 invida
1229 1273 1379 1346 nostrie.

467 1403 522 1476 0!
545 1427 629 1498 ego,
650 1401 681 1472 si
699 1399 808 1471 liceat
821 1405 967 1468 mutato
983 1394 1139 1469 nomine
1155 1397 1280 1495 jungi,

359 1593 360 1596 ,
419 1531 544 1620 Quem
558 1533 672 1626 bene,
688 1529 836 1624 Cauno,
852 1538 920 1599 tuo
933 1537 1101 1622 poteram
1114 1553 1238 1602 nurus
1251 1555 1327 1602 esse
1339 1531 1509 1628 parenti!
1554 1512 1561 1525 ’

419 1658 541 1744 Ουέιη]
557 1659 672 1750 bene,
688 1657 832 1750 caune,
847 1678 932 1728 meo
946 1665 1093 1750 poteras
1106 1681 1220 1752 gener
1232 1681 1311 1730 esse
1323 1656 1472 1754 parenti
1485 1659 1494 1729 Ξ

419 1789 578 1883 Omnia,
596 1786 645 1860 Di
662 1784 843 1878 facerent,
862 1797 983 1857 essent
1000 1787 1218 1860 eommunia
1230 1788 1357 1884 nobis,

418 1917 559 1991 Praeter
570 1919 679 1990 avos!
696 1914 757 1986 Tu
767 1939 828 1988 me
843 1913 978 1988 vellem
994 1916 1207 2012 generosior
1223 1923 1235 1954 ¹
1252 1943 1360 1992 esses.

417 2050 550 2127 Nescio
567 2073 681 2146 quam
699 2047 809 2120 facies
826 2046 960 2146 igitur,
979 2049 1257 2148 pulcherrime,
1275 2053 1459 2126 matrem!

418 2185 469 2258 At
480 2183 599 2280 mihi,
619 2209 704 2279 quae
717 2183 814 2256 mule
831 2207 936 2278 eum,
951 2197 1121 2282 quoetu,
1137 2185 1266 2258 sortita
1282 2197 1454 2282 parentes
1470 2191 1501 2282 ¹,

417 2317 479 2389 Nil
493 2317 567 2389 nisi
580 2315 695 2390 futter
708 2315 781 2388 eris
793 2344 801 2388 :
812 2314 914 2412 quod
929 2317 1052 2412 obest,
1070 2316 1110 2389 id
1124 2299 1348 2389 habebimus
1362 2339 1503 2390 unum.

417 2444 521 2532 Quid
534 2445 633 2518 mihi
646 2442 855 2540 significant
868 2469 953 2541 ergo
967 2469 1050 2517 mea
1062 2441 1168 2516 visa?
1180 2441 1282 2540 quod
1296 2454 1423 2516 autem

415 2569 1478 2669 Somniapontlushabenfflanhabentetsomniapondus?

464 2699 514 2773 Di
527 2701 682 2773 melius!
701 2699 749 2771 Dt
765 2725 901 2796 nempe
916 2727 1002 2773 suas
1014 2701 1181 2774 habuere
1194 2727 1350 2775 sorores.

415 2827 476 2900 Sic
490 2829 672 2902 Saturnus
689 2825 824 2922 Opim,
838 2829 1007 2922 junctam
1023 2829 1096 2902 sibi
1109 2831 1309 2927 sanguine,
1324 2831 1457 2929 duxit,

415 2957 586 3030 Oceanus
600 2954 772 3052 Tethyn,
786 2957 809 3028 J
811 2982 978 3032 unonem
992 2972 1114 3032 rector
1126 2960 1283 3057 Olympi
1295 2959 1321 3034 ³.
1433 3039 1435 3046 ,

464 3089 563 3162 Sunt
579 3087 732 3184 Superis
748 3113 816 3162 sua
829 3091 914 3184 jura
932 3117 940 3163 :
955 3090 1048 3188 quid
1063 3089 1110 3164 ad
1122 3092 1285 3164 eoelestia
1299 3094 1395 3166 ritus

461 3305 470 3335 ¹
496 3279 536 3360 Ce
553 3300 730 3378 comparatis
748 3301 848 3359 derive
867 3303 904 3360 de
921 3324 1033 3380 genten,
1056 3305 1225 3372 naissum,
1243 3305 1386 3363 noblesse.
1408 3309 1451 3366 Ce

312 3396 315 3404 ’
414 3405 570 3463 sentiment
584 3415 626 3461 est
639 3403 716 3480 plein
729 3403 767 3460 de
780 3403 957 3464 delicatesse.

459 3523 472 3554 ¹
496 3518 644 3579 Cruciatur
655 3521 756 3596 Byblis
766 3524 846 3597 qued
858 3521 974 3580 Caunus
985 3523 1040 3580 sibi
1050 3523 1161 3580 tantum
1164 3523 1275 3596 frater,
1288 3543 1345 3582 non
1358 3526 1448 3581 etiam

415 3623 536 3678 maritus
547 3622 714 3692 sicfuturus.

456 3761 470 3802 ³
560 3781 606 3826 Les
617 3777 687 3826 dieu:
697 3779 787 3836 meme,
798 3779 831 3826 len
844 3777 914 3826 dieux
927 3779 956 3824 de
967 3779 1085 3842 l’fflympe
1097 3779 1220 3834 habitant.

456 3930 460 3936 ⁵
560 3865 608 3920 Qui
619 3862 674 3908 d'un
685 3860 750 3906 brun
763 3863 784 3906 si
794 3861 890 3912 terrible
903 3862 1059 3925 epouventeut
1071 3862 1106 3908 let
1117 3865 1215 3918 eumen,

562 3943 611 3990 Out
621 3941 689 3989 brute
700 3943 848 4005 quelquefoit
859 3943 888 3992 de
899 3943 955 3991 senx
967 3943 1105 4004 illegitima.

939 4039 1054 4100 OEnoue,
1067 4039 1123 4088 dent
1132 4037 1236 4106 Putate,
