3210 5368
440 595 491 670 84
553 609 642 666 aas
668 571 1112 662 mnrfflonrnoses
1140 593 1371 670 movms,

572 804 689 878 xlx.
715 800 1017 874 Eruichthonem
1035 795 1352 868 invasurum

489 1021 638 1094 D1crs
652 989 781 1088 Fames
794 1009 959 1104 Cereris,
977 1005 1152 1104 quamvis
1165 1004 1351 1078 oonuaria
1366 1027 1516 1100 semper
1570 1075 1574 1082 ,

440 1151 549 1228 Illius
560 1161 615 1223 est
627 1144 733 1244 operi
750 1152 780 1239 ¹,
795 1141 954 1240 peragit,
972 1163 1115 1236 perque
1130 1143 1215 1210 aera
1229 1147 1345 1210 vento

440 1281 501 1358 Ad
514 1283 655 1378 jussam
668 1275 788 1348 delata
802 1271 961 1347 domum
974 1280 1029 1342 est
1044 1297 1053 1343 ε
1069 1279 1106 1340 et
1118 1268 1292 1364 protinus
1308 1266 1426 1338 intrat

443 1387 618 1504 Sacrilegi
629 1405 810 1478 thalamos
827 1430 835 1475 :
850 1401 1001 1508 aitoque
1015 1422 1147 1494 sopore
1159 1396 1346 1491 solutum,

443 1539 570 1613 Noctis
585 1546 662 1609 erat
673 1547 843 1629 tempus,
859 1527 1017 1626 geminis
1034 1526 1272 1624 amplectitur
1286 1525 1374 1606 alis:

442 1665 566 1762 Seque
579 1663 664 1736 viro
678 1657 855 1755 inspirat,
873 1656 1094 1752 faucesque,
1110 1667 1147 1728 et
1158 1668 1288 1752 pectus
1303 1665 1341 1728 et
1355 1679 1422 1728 ora

443 1795 573 1890 Afflat,
589 1804 626 1865 et
637 1791 679 1864 in
691 1790 820 1862 vacuis
832 1787 970 1885 spargit
984 1787 1127 1883 jejunia
1140 1786 1260 1860 venis.

441 1925 472 2001 F
473 1934 661 2018 unctaque
677 1915 868 2012 mandato,
886 1915 1111 1989 seecundum
1123 1915 1259 1989 deserit
1271 1915 1421 2009 orbem3

444 2056 567 2151 Inque
575 2049 709 2124 domos
724 2047 876 2143 inopes,
894 2058 1058 2142 assueta,
1074 2048 1296 2143 revertitur,
1313 2073 1416 2122 arva.

493 2181 606 2256 Lenis
618 2161 770 2251 adhue·
785 2201 941 2250 somnus
954 2174 1109 2275 placidis
1121 2175 1384 2252 Erisiehthona
1396 2185 1534 2275 pennis

443 2312 644 2388 Muloebat.
661 2307 759 2380 Petit
771 2305 959 2404 ille-dapes
973 2307 1045 2380 sub
1057 2306 1218 2405 imagine
1232 2307 1376 2404 somni,

380 2501 390 2519 .
447 2450 598 2542 Oraque
609 2467 708 2516 vana
718 2452 866 2538 movet,
885 2439 1112 2536 dentemque
1125 2439 1292 2514 indente
1303 2439 1447 2538 fatigat:

447 2577 679 2672 Exereetque
693 2573 777 2647 cibo
792 2573 968 2647 delusum
979 2583 1111 2671 guttim
1123 2571 1250 2668 inani,

447 2707 596 2804 Proque
611 2706 730 2802 epulis
746 2717 877 2778 tenues
892 2704 1144 2802 nequicquam
1159 2704 1315 2778 devorat
1326 2727 1447 2778 auras

449 2837 502 2911 Ut
514 2839 606 2910 vero
620 2846 675 2908 est
685 2834 841 2932 expulsa
852 2834 978 2932 quies,
997 2831 1093 2906 furit
1108 2833 1220 2906 aulor
1232 2831 1384 2927 edendi,

448 2968 594 3064 Perque
605 2963 734 3039 avidas
749 2963 872 3038 fauces
887 2965 1145 3059 immensaque
1160 2962 1302 3034 viscera
1314 2971 1453 3057 regnat.

450 3089 763 3187 Necmora:quod
772 3101 931 3187 pontus,
947 3089 1175 3187 quodum,
1191 3085 1292 3186 quod
1301 3084 1521 3192 educatur,

450 3219 590 3318 Posoit3
606 3231 643 3292 et
654 3217 831 3316 appositis
845 3217 1020 3315 queritur
1029 3218 1172 3315 jejunia
1184 3217 1340 3292 mensis:

451 3353 573 3451 lnque
586 3350 706 3450 epulis
719 3351 845 3450 epulas
862 3349 1010 3448 quaerit.
1029 3348 1215 3446 Quodque
1228 3348 1387 3422 urbibus
1400 3333 1496 3458 esse,

453 3482 641 3580 Quodque
649 3481 740 3556 satis
751 3481 893 3580 populo
905 3493 1068 3578 poterat,
1086 3507 1166 3554 non
1181 3479 1318 3554 suffieit
1331 3479 1413 3553 uni.

498 3667 509 3696 ¹
534 3665 615 3721 Ceus
629 3660 788 3732 reflexion,
802 3659 879 3736 jetee
895 3678 933 3719 en
948 3659 1140 3736 parenthese,
1159 3659 1307 3736 surprend
1322 3659 1434 3736 l'espr'it
1452 3669 1481 3722 et

456 3758 599 3826 l’attuche.

498 3861 512 3890 ⁸
530 3854 988 3933 Cetteimagegrucieuserepnnd
996 3854 1482 3930 nneteintedoueesureeublenp

458 3957 574 4022 nombre
587 3967 616 4012 et
629 3957 757 4015 terrible.
