3196 5346
433 517 502 596 160
550 527 634 586 nus
661 495 1098 582 utramonrnosns
1127 511 1351 587 n’ovrna,

427 679 552 756 Poscit
566 666 828 748 Erichthonio.
843 663 1030 737 Venerem
1043 685 1196 760 quoque
1210 685 1301 732 cura
1313 649 1436 730 futuri

427 813 584 911 Tangit,
603 821 640 884 et
653 804 828 881 Anchisae
840 823 1024 874 renovare
1035 797 1239 895 paciscitur
1251 819 1383 868 annos.

428 946 503 1022 cui
516 943 680 1039 studeat,
693 941 797 1014 Deus
810 933 935 1009 omnis
946 931 1061 1005 habet
1077 959 1085 1002 :
1100 929 1306 1029 crescitque
1318 925 1446 1000 favore
1461 924 1471 956 ¹

428 1077 601 1156 Turbida
617 1072 770 1164 sediti03
786 1067 906 1142 donec
920 1089 988 1138 sua
1003 1060 1178 1157 ‚Iuppiter
1192 1085 1259 1133 ora

429 1215 552 1292 Solvit
568 1242 577 1286 :
593 1223 647 1307 et,
662 1211 719 1284 0!
739 1203 860 1280 nostri
875 1203 997 1300 siqua
1010 1210 1065 1272 est
1078 1193 1308 1287 reverentia,
1327 1188 1447 1282 dixit,

430 1347 519 1434 Quo
532 1339 670 1417 ruitis?
681 1347 880 1410 tantumne
896 1327 970 1402 sibi
983 1327 1070 1425 quis
1086 1351 1193 1423 posse
1207 1321 1382 1414 videtur,

429 1481 518 1555 Fata
533 1498 686 1574 quoque
700 1480 745 1542 ut
756 1463 931 1563 superet?
942 1461 1041 1536 Fatis
1054 1458 1179 1533 Iolaus
1191 1458 1235 1530 in
1246 1478 1385 1548 annos,

431 1615 537 1702 Quos
550 1608 643 1706 egit,
657 1603 771 1678 rediit
788 1629 795 1674 :
811 1599 896 1673 satis
913 1599 1138 1688 revirescere
1151 1591 1291 1665 debent

432 1741 619 1818 callirhoe
635 1736 773 1836 geniti,
792 1757 872 1806 non
884 1726 1108 1822 ambitione,
1124 1722 1334 1806 necarmis.

320 1899 322 1906 ·
431 1872 509 1946 Vos
525 1870 657 1964 etiam,
676 1867 828 1963 quoque
840 1860 915 1934 hoo
930 1859 1059 1932 animo
1075 1855 1230 1930 meliore
1243 1854 1387 1949 seratis,

431 2009 494 2084 Me
506 2029 676 2105 quoque,
689 1999 764 2075 fata
778 2009 916 2094 regunt
932 2025 940 2067 :
955 2021 1042 2094 quse
1058 1994 1251 2068 simutare
1261 1989 1449 2082 valerem,

430 2145 509 2222 Nec
520 2149 695 2214 nostrum
708 2134 781 2206 seri
797 2139 1002 2203 curvarent
1013 2127 1154 2200 AEacon
1166 2125 1277 2222 anni,

431 2280 739 2376 Perpetuumque
752 2267 826 2342 aevi
838 2267 971 2340 florem
984 2261 1295 2336 Rhadamanthus
1311 2258 1468 2332 heberet

432 2413 532 2486 Cum
544 2409 672 2485 Minos
688 2429 773 2478 mco
790 2433 798 2477 ε
814 2403 883 2501 qui
896 2412 1051 2498 propter
1064 2423 1190 2472 amara
1202 2397 1359 2469 senectae

431 2545 602 2621 Pondera
614 2540 841 2639 despicitur,
857 2561 946 2630 nec,
965 2535 1043 2631 qud
1055 2533 1182 2630 pride,
1201 2529 1335 2604 ordine
1348 2535 1491 2622 regnat.

479 2675 589 2748 Dicta
603 2670 709 2744 Jovis
724 2668 877 2742 movdre
893 2669 992 2740 Deos
1010 2694 1017 2738 :
1034 2689 1104 2736 neo
1118 2662 1279 2735 sustinet
1293 2659 1397 2733 ullus
1413 2665 1426 2694 ⁸
1434 2716 1445 2755 ,

433 2811 531 2883 Cum
547 2807 702 2880 videant
714 2803 827 2876 fessos
842 2798 1158 2874 Rhadamanthon
1173 2807 1210 2869 et
1226 2796 1366 2868 AEacon
1378 2789 1509 2886 annis,

430 2942 480 3018 Et
494 2941 645 3050 Minoa,
664 2937 785 3032 queri.
806 2935 902 3031 Qui,
917 2935 1010 3007 dum
1023 2932 1098 3007 fuit
1113 2933 1256 3030 integer
1271 2930 1364 3025 aevi,

430 3073 635 3150 Terruerat
648 3093 817 3168 magnas,
834 3069 917 3166 ipso
930 3068 1269 3166 quoquenomine,
1288 3074 1412 3162 gentes
1427 3058 1461 3136 ⁸:

477 3290 487 3321 ¹
513 3287 635 3343 Chacm
647 3283 698 3342 des
712 3283 801 3341 dieur
814 3282 911 3357 plaide
926 3300 996 3338 avec
1009 3281 1130 3338 chalem
1140 3297 1220 3355 pour
1233 3295 1278 3335 ses
1290 3274 1411 3334 interdu
1423 3275 1469 3335 ies

434 3391 502 3468 plns
518 3390 611 3448 chers.
630 3386 716 3444 Ce'res
735 3385 895 3468 sfinttresse
913 3385 930 3441 i
948 3383 1070 3453 Jasion,
1087 3385 1193 3460 qu'elle
1209 3384 1302 3454 aima,
1319 3393 1348 3441 et
1365 3381 1419 3458 qui
1436 3382 1467 3440 la

428 3489 531 3547 rendit
544 3489 622 3546 mirre
636 3487 672 3545 dc
684 3488 807 3551 Plutus,
821 3485 890 3542 dieu
902 3484 953 3542 des
966 3485 1115 3542 richesses.

477 3597 491 3626 ³
508 3593 649 3668 Byblidos
662 3589 815 3664 insontem
828 3589 874 3644 sui
884 3589 1008 3644 nomime
1020 3585 1263 3662 metamorphosin
1275 3583 1469 3660 descripturus

314 3725 319 3736 ·
427 3697 522 3772 podia
531 3734 542 3763 ,
561 3713 619 3750 non
636 3695 717 3748 nullo
726 3691 901 3766 praemittit,
923 3689 1025 3765 quibus
1041 3707 1108 3744 eam
1124 3685 1303 3745 commodiris
1319 3697 1470 3746 connectat

436 3815 501 3850 cum
515 3795 669 3870 superiore.

444 3929 445 3934 κ
476 3892 491 3932 ⁸
512 3899 649 3974 Namque
662 3897 771 3974 legibus
783 3909 813 3956 ee
822 3898 911 3956 mmai*
924 3896 1115 3974 latdpatebat
1125 3889 1235 3954 Minots
1246 3893 1411 3970 imperium.
