3262 5342
440 565 486 636 14
558 574 642 630 aas
669 543 1104 628 uhuauonruosss
1134 571 1357 652 movina,

435 722 607 799 Finitimi
624 717 841 818 exemplum
853 729 1043 794 metuunt.
1062 719 1333 796 obstruximus
1346 723 1478 796 orbem

433 855 637 930 Terrarum
652 851 781 946 nobis,
800 859 846 922 ut
862 849 969 922 Crete
983 849 1061 924 sola
1073 864 1227 946 pateret.

433 983 512 1058 Hac
525 1005 681 1082 quoque
695 979 747 1054 sic
764 977 969 1076 prohibes?
984 980 1037 1054 sic
1052 1007 1138 1076 nos,
1154 987 1315 1080 ingrate,
1334 981 1549 1080 relinquis?

431 1113 518 1194 Non
535 1111 699 1209 genitrix
715 1109 864 1205 Europa
877 1107 964 1204 tibi,
979 1106 1042 1182 sed
1056 1108 1246 1208 inhospita
1258 1109 1396 1209 Syrtis,

433 1243 669 1320 Armeniaeve
684 1241 813 1336 tigres,
832 1250 1007 1312 austrove
1022 1241 1155 1337 agitata
1166 1240 1400 1339 Charybdis.-

431 1376 508 1451 Nec
521 1377 615 1448 Jove
630 1383 675 1446 tu
688 1381 799 1444 natus
818 1398 825 1442 :
844 1393 914 1446 nec
929 1382 1049 1445 mater
1060 1371 1222 1470 imagine
1235 1371 1338 1444 tauri
1398 1401 1422 1442 x

430 1503 555 1578 Ducta
563 1513 629 1573 tua
642 1510 697 1571 est
714 1526 722 1572 :
738 1495 884 1594 generis
897 1493 986 1570 tusa
999 1507 1054 1571 est
1066 1521 1110 1570 ea
1121 1495 1248 1571 fabula
1259 1495 1389 1572 vestri.

430 1629 479 1702 Et
490 1626 612 1722 fenis,
630 1635 668 1698 et
680 1635 809 1722 captus
825 1620 972 1696 nullius
984 1647 1112 1698 arnore
1123 1626 1316 1720 juvencae,

292 1773 296 1812 ε
430 1759 510 1848 Qui
525 1771 562 1832 te
577 1755 793 1855 progenuit,
808 1766 940 1828 taurus
953 1753 1039 1828 suit.
1060 1755 1174 1854 Exige
1186 1781 1335 1854 poenas,

428 1891 517 1966 Nise
531 1899 637 1987 pater
653 1915 662 1960 ε
680 1884 835 1982 gaudete
847 1885 955 1960 malis
969 1885 1083 1962 modb
1099 1888 1247 1984 pmdita
1259 1899 1418 1982 nostris,

425 2019 571 2100 ,Moenia
589 2045 597 2090 :
613 2041 702 2088 nam
718 2011 857 2109 fateor,
872 2013 1018 2108 merui,
1038 2026 1076 2089 et
1091 2042 1177 2090 sum
1190 2016 1301 2116 digna
1316 2017 1453 2115 perire.

427 2145 490 2219 Me
502 2155 628 2217 tamen
641 2167 690 2216 ex
705 2139 780 2214 illis
792 2140 947 2239 aliquis,
961 2166 1058 2239 quos
1070 2142 1188 2241 impia
1199 2143 1296 2242 laesi,

427 2274 489 2349 Me
500 2272 661 2370 perimat
677 2298 685 2344 :
702 2294 790 2366 cur,
807 2269 877 2366 qui
890 2265 1015 2343 vicisti
1029 2271 1188 2346 crimine
1204 2284 1354 2370 nostru,

427 2402 639 2502 Insequeris
654 2397 827 2474 crimen?
842 2399 962 2474 scelus
973 2400 1048 2474 hoc
1059 2401 1265 2499 patriasque
1279 2401 1470 2500 patrique,

426 2532 604 2610 Officium
619 2532 691 2605 tibi
707 2531 768 2604 sit.
784 2528 839 2603 Te
851 2535 941 2606 vere
954 2534 1112 2630 conjuge
1124 2531 1237 2628 digna
1250 2542 1324 2628 est,

425 2663 520 2750 Quae
533 2674 686 2734 torvum
702 2659 803 2756 ligno
818 2659 965 2756 decepit
977 2660 1147 2734 adultera
1157 2673 1330 2757 taurum5

424 2797 707 2890 Dissertemque
718 2803 828 2864 utero
840 2789 977 2867 foetum
991 2794 1092 2866 tulit.
1114 2795 1259 2892 Ecquid
1276 2796 1322 2870 ad
1336 2821 1444 2870 aures
1460 2805 1469 2834 ¹

423 2921 658 2998 Perveniunt
670 2943 753 2993 mea
765 2914 864 2990 diota
878 2919 986 2994 tuas?
999 2945 1049 2993 an
1062 2921 1191 2995 inania
1205 2923 1313 2996 venti

421 3051 546 3126 Verba
556 3048 705 3143 ferunt,
724 3045 900 3144 idemque
917 3057 1017 3145 tuas,
1030 3053 1191 3148 ingrate,
1206 3051 1374 3126 carinas?

422 3185 443 3256 J
444 3209 506 3257 am
518 3189 532 3220 ¹
549 3182 625 3278 jam
637 3177 844 3276 Pasiphaen
857 3205 937 3256 non
950 3194 1005 3254 est
1020 3183 1193 3256 mirabile
1205 3195 1359 3257 taurum

421 3308 670 3408 Praeposuisse
683 3306 754 3380 tibi
770 3335 779 3380 ε
798 3318 843 3380 tu
859 3305 946 3404 plus
958 3307 1116 3382 feritatis
1129 3309 1302 3385 habebas.

420 3442 482 3515 Me
498 3441 694 3514 miseram!
712 3463 912 3535 properare
924 3439 1031 3536 juvat
1042 3440 1284 3536 :divulsaque
1300 3441 1414 3516 remis

420 3568 531 3644 Unda
543 3580 650 3642 sonat
660 3597 668 3642 :
678 3592 827 3642 mecum
840 3567 973 3666 simul,
987 3567 1056 3643 ah!
1077 3593 1160 3642 mea
1171 3579 1271 3642 terra
1280 3567 1433 3642 recedit.

463 3803 472 3835 ¹
501 3796 615 3871 Ecquid
624 3797 776 3872 particula
794 3805 837 3852 est
856 3796 1057 3872 interrogab'va
1076 3795 1199 3871 affectui
1214 3807 1244 3852 et
1260 3797 1451 3872 incla‘gmattbm

420 3912 552 3952 sororem.

462 3993 476 4022 ⁸
498 3990 567 4044 lana
572 3989 640 4062 jam
645 4031 655 4062 ,
669 4003 710 4048 est
719 3991 931 4068 conduplieau'o
940 3991 1104 4067 abdignaati
1112 3991 1241 4050 maxirne'
1253 3991 1430 4050 conveniens.
