3230 5348
456 589 527 664 238
569 601 654 658 urs
683 570 1124 654 uursuoneuosus
1153 597 1395 682 movinus

454 753 619 848 Corpora
634 755 737 820 veste
753 743 899 838 levant,
916 753 954 816 et
966 767 1076 816 succo
1089 741 1240 843 pinguis
1256 749 1352 824 olivi

453 881 746 981 splendescunt,
761 875 903 971 letique
915 877 1053 948 ineunt
1066 877 1269 952 certamine
1284 880 1380 954 disci
1396 889 1404 920 ¹
1419 911 1428 957 :

452 1014 579 1100 Quem
595 1010 701 1110 prius
714 1006 830 1084 aerias
843 1005 1024 1080 libratum
1037 1005 1205 1081 Phoebus
1222 1009 1265 1082 in
1281 1035 1391 1084 auras

453 1147 575 1242 Misit,
592 1157 629 1218 et
644 1141 828 1241 oppositas
842 1139 987 1236 disjecit
1000 1139 1168 1238 pondere
1181 1143 1314 1218 nubes.

453 1277 601 1352 Recidit
616 1276 658 1348 in
676 1273 832 1347 solidam
847 1272 959 1368 longo
972 1283 1057 1368 post
1068 1283 1237 1369 tempore
1253 1285 1393 1346 terram

452 1407 624 1504 Pondus,
644 1417 681 1478 et
693 1403 870 1478 exhibuit
882 1403 1051 1498 junctam
1065 1428 1154 1476 cum
1167 1403 1317 1478 viribus
1329 1417 1461 1480 artem.

451 1533 631 1611 Protinus
645 1532 885 1632 imprudens,
901 1543 1080 1630 actusque
1094 1533 1275 1630 cupidine
1289 1535 1390 1632 ludi,

449 1667 600 1742 Tollere
612 1663 826 1738 Taenarides
840 1665 972 1738 orbem
986 1667 1210 1762 properabat
1230 1695 1238 1740 :
1257 1667 1419 1740 utillum
1478 1743 1482 1750 ,

451 1801 558 1880 Dura
571 1823 787 1896 repercusso
804 1797 963 1891 subjecit
981 1797 1026 1869 ab
1041 1802 1125 1870 a'ere
1142 1796 1254 1870 tellus

451 1933 498 2006 ln
511 1929 661 2024 vultus,
677 1925 907 2025 Hyaointhe,
926 1937 1024 2000 tuoe.
1045 1925 1239 2022 Expalluit
1251 1929 1358 2023 aeque
1374 1933 1405 2024 ¹,
1434 1987 1436 1990 .

450 2065 505 2141 Ac
521 2088 634 2160 puer,
653 2061 732 2159 ipse
744 2063 846 2134 Deus
865 2092 873 2134 ε
890 2061 1145 2158 collapsosque
1163 2060 1305 2156 excipit
1320 2072 1437 2136 artus.

350 2226 354 2235 ·
449 2189 500 2266 Et
512 2189 625 2265 modb
639 2201 675 2262 te
689 2187 834 2262 refovet
850 2217 858 2262 :
873 2187 986 2262 modb
999 2185 1121 2260 tristia
1133 2187 1293 2262 uulnera
1309 2187 1420 2260 sicet
1436 2217 1445 2262 :

448 2321 562 2398 Nunc
574 2321 739 2395 animam
756 2321 915 2395 admotis
929 2319 1136 2416 fugientem
1151 2321 1311 2393 sustinet
1326 2319 1468 2396 herbis.

448 2453 512 2528 Nil
525 2465 686 2550 prosunt
702 2468 798 2526 artes
816 2482 824 2526 :
840 2465 920 2526 erat
934 2452 1211 2527 immedicabile
1224 2455 1379 2528 vulnus.

498 2582 551 2655 Ut
567 2583 600 2654 si
616 2583 702 2678 quis
719 2581 856 2677 violas,
875 2584 1030 2678 riguove
1046 2607 1210 2678 papaver
1222 2583 1264 2654 in
1281 2582 1413 2680 horto,

449 2715 621 2810 Liliaque
635 2712 832 2809 infringat,
851 2710 967 2785 fulvis
984 2711 1166 2786 haerentia
1179 2713 1313 2811 virgis3
1359 2747 1362 2759 ·

448 2843 615 2920 Meroida
627 2839 826 2914 demittunt
839 2842 965 2914 subito
978 2855 1091 2938 caput
1106 2844 1172 2916 illa
1187 2859 1403 2944 gravatum,

450 2974 525 3048 Nec
543 2996 581 3044 se
596 2969 825 3067 sustineant,
840 2982 1082 3068 spectentque
1098 2974 1292 3046 cacumine
1305 2986 1462 3052 terram:

449 3102 511 3176 Sic
524 3102 654 3175 vultus
667 3103 832 3176 moriens
846 3105 939 3196 jacet
945 3133 955 3198 3
972 3114 1008 3174 et
1024 3101 1166 3175 desecta
1183 3103 1310 3202 vigore

449 3230 534 3327 lpse
546 3229 618 3303 sibi
631 3243 686 3303 est
698 3229 807 3304 oneri
820 3229 969 3325 cervix3
985 3228 1221 3328 humeroque
1238 3234 1438 3308 recumbit.

491 3431 501 3462 ³
523 3426 636 3500 Disqne
651 3436 694 3482 est
707 3425 734 3480 le
747 3443 818 3480 nom
831 3423 904 3482 d'nn
916 3423 961 3482 fer
977 3444 1017 3482 ou
1030 3424 1101 3482 d‘nu
1112 3423 1191 3502 pelet
1208 3426 1244 3484 de
1260 3426 1356 3484 forme
1369 3429 1480 3498 ronde,

448 3525 542 3601 qu'on
559 3522 665 3599 languit
684 3523 701 3578 i
718 3533 800 3598 perte
815 3522 853 3580 de
868 3542 946 3594 rue,
964 3543 1044 3598 pour
1060 3527 1087 3582 le
1105 3525 1177 3582 faire
1194 3526 1342 3582 retomber
1358 3528 1427 3600 pres
1439 3529 1480 3585 du

449 3624 514 3680 but.

491 3727 504 3758 ¹
525 3721 628 3793 Quelle
646 3718 815 3794 expression
830 3722 897 3780 vive
915 3733 942 3780 et
961 3723 1074 3780 concise
1091 3723 1171 3780 dela
1188 3725 1293 3798 pdleur
1310 3724 1480 3782 simultanee

448 3819 658 3896 d'Hyaciuthe‚
673 3819 775 3893 srappe
788 3837 827 3876 ou
839 3821 936 3897 vissge
948 3821 1020 3877 d'un
1032 3839 1113 3895 coup
1125 3823 1231 3878 mortel
1237 3863 1247 3890 ,
1260 3832 1289 3876 et
1299 3821 1478 3896 d'Apollou,

448 3919 554 3994 trappe
570 3936 609 3974 eu
627 3936 708 3974 coeur
726 3917 768 3973 du
786 3937 864 3994 coup
880 3919 933 3994 qui
948 3937 965 3974 a
983 3917 1076 3974 blesse
1093 3937 1148 3976 son
1164 3920 1232 3976 ami.
1250 3918 1369 3976 Double
1385 3917 1479 3993 image

448 4013 561 4070 rendre
574 4031 628 4088 par
643 4031 685 4070 un
697 4014 759 4070 seul
773 4015 841 4070 nait
855 4031 921 4071 sans
934 4013 1098 4072 confusion.

517 4333 533 4366 l
