<?xml version="1.0" encoding="UTF-8"?>
<!DOCTYPE html PUBLIC "-//W3C//DTD XHTML 1.0 Transitional//EN"
    "http://www.w3.org/TR/xhtml1/DTD/xhtml1-transitional.dtd">
<html xmlns="http://www.w3.org/1999/xhtml" xml:lang="en" lang="en">
 <head>
  <title>
</title>
<meta http-equiv="Content-Type" content="text/html;charset=utf-8" />
  <meta name='ocr-system' content='tesseract 3.04.00' />
  <meta name='ocr-capabilities' content='ocr_page ocr_carea ocr_par ocr_line ocrx_word'/>
</head>
<body>
  <div class='ocr_page' id='page_1' title='image "./lesmtamorphoses01saingoog_0296.png"; bbox 0 0 3164 5352; ppageno 0'>
   <div class='ocr_carea' id='block_1_1' title="bbox 442 562 1370 653">
    <p class='ocr_par' dir='ltr' id='par_1_1' title="bbox 442 562 1370 653">
     <span class='ocr_line' id='line_1_1' title="bbox 442 562 1370 653; baseline -0.019 -3"><span class='ocrx_word' id='word_1_1' title='bbox 442 577 514 650; x_wconf 74' lang='lat' dir='ltr'>stt</span> <span class='ocrx_word' id='word_1_2' title='bbox 558 591 642 648; x_wconf 80' lang='lat' dir='ltr'>nes</span> <span class='ocrx_word' id='word_1_3' title='bbox 672 562 1112 645; x_wconf 75' lang='lat' dir='ltr'>nartnonraoses</span> <span class='ocrx_word' id='word_1_4' title='bbox 1143 575 1370 653; x_wconf 71' lang='lat' dir='ltr'>n‘ovron,</span> 
     </span>
    </p>
   </div>
   <div class='ocr_carea' id='block_1_2' title="bbox 438 719 1573 833">
    <p class='ocr_par' dir='ltr' id='par_1_2' title="bbox 438 719 1573 833">
     <span class='ocr_line' id='line_1_2' title="bbox 438 719 1573 833; baseline -0.024 -19"><span class='ocrx_word' id='word_1_5' title='bbox 438 739 510 812; x_wconf 89' lang='lat' dir='ltr'>Vel</span> <span class='ocrx_word' id='word_1_6' title='bbox 522 761 632 833; x_wconf 82' lang='lat' dir='ltr'>nece3</span> <span class='ocrx_word' id='word_1_7' title='bbox 647 729 710 808; x_wconf 84' lang='lat' dir='ltr'>vel</span> <span class='ocrx_word' id='word_1_8' title='bbox 722 731 754 805; x_wconf 87' lang='lat' dir='ltr'>si</span> <span class='ocrx_word' id='word_1_9' title='bbox 766 725 859 827; x_wconf 90' lang='lat' dir='ltr'>quid</span> <span class='ocrx_word' id='word_1_10' title='bbox 873 721 1044 800; x_wconf 88' lang='lat' dir='ltr'>medium</span> <span class='ocrx_word' id='word_1_11' title='bbox 1057 719 1267 817; x_wconf 87' lang='lat' dir='ltr'>mortisque</span> <span class='ocrx_word' id='word_1_12' title='bbox 1284 719 1454 817; x_wconf 66' lang='lat' dir='ltr'>fugaeque.</span> <span class='ocrx_word' id='word_1_13' title='bbox 1572 809 1573 814; x_wconf 6' lang='grc' dir='ltr'><strong>Ἰ</strong></span> 
     </span>
    </p>
   </div>
   <div class='ocr_carea' id='block_1_3' title="bbox 441 847 1427 966">
    <p class='ocr_par' dir='ltr' id='par_1_3' title="bbox 441 847 1427 966">
     <span class='ocr_line' id='line_1_3' title="bbox 441 847 1427 966; baseline -0.028 -20"><span class='ocrx_word' id='word_1_14' title='bbox 441 869 560 966; x_wconf 88' lang='lat' dir='ltr'>ldque</span> <span class='ocrx_word' id='word_1_15' title='bbox 576 863 669 966; x_wconf 87' lang='lat' dir='ltr'>quid</span> <span class='ocrx_word' id='word_1_16' title='bbox 686 886 764 937; x_wconf 88' lang='lat' dir='ltr'>esse</span> <span class='ocrx_word' id='word_1_17' title='bbox 776 867 916 957; x_wconf 78' lang='lat' dir='ltr'>potest,</span> <span class='ocrx_word' id='word_1_18' title='bbox 933 852 1009 926; x_wconf 87' lang='lat' dir='ltr'>nisi</span> <span class='ocrx_word' id='word_1_19' title='bbox 1022 875 1139 924; x_wconf 83' lang='lat' dir='ltr'>versae</span> <span class='ocrx_word' id='word_1_20' title='bbox 1151 874 1266 946; x_wconf 84' lang='lat' dir='ltr'>poene</span> <span class='ocrx_word' id='word_1_21' title='bbox 1277 847 1427 945; x_wconf 80' lang='lat' dir='ltr'>figurae?</span> 
     </span>
    </p>
   </div>
   <div class='ocr_carea' id='block_1_4' title="bbox 488 975 1471 1087">
    <p class='ocr_par' dir='ltr' id='par_1_4' title="bbox 488 959 1573 1087">
     <span class='ocr_line' id='line_1_4' title="bbox 488 975 1471 1087; baseline -0.025 -15"><span class='ocrx_word' id='word_1_22' title='bbox 488 999 594 1072; x_wconf 91' lang='lat' dir='ltr'>Dum</span> <span class='ocrx_word' id='word_1_23' title='bbox 606 993 774 1087; x_wconf 85' lang='lat' dir='ltr'>dabitat,</span> <span class='ocrx_word' id='word_1_24' title='bbox 790 1013 867 1086; x_wconf 87' lang='lat' dir='ltr'>quo</span> <span class='ocrx_word' id='word_1_25' title='bbox 880 993 1002 1058; x_wconf 88' lang='lat' dir='ltr'>mutet</span> <span class='ocrx_word' id='word_1_26' title='bbox 1015 1007 1096 1076; x_wconf 73' lang='lat' dir='ltr'>eos,</span> <span class='ocrx_word' id='word_1_27' title='bbox 1111 975 1157 1052; x_wconf 90' lang='lat' dir='ltr'>ad</span> <span class='ocrx_word' id='word_1_28' title='bbox 1171 1003 1316 1051; x_wconf 87' lang='lat' dir='ltr'>cornua</span> <span class='ocrx_word' id='word_1_29' title='bbox 1328 977 1471 1049; x_wconf 87' lang='lat' dir='ltr'>vultum</span> 
     </span>
    </p>
   </div>
   <div class='ocr_carea' id='block_1_5' title="bbox 395 1109 1506 2008">
    <p class='ocr_par' dir='ltr' id='par_1_5' title="bbox 440 1109 1412 1222">
     <span class='ocr_line' id='line_1_5' title="bbox 440 1109 1412 1222; baseline -0.03 -14"><span class='ocrx_word' id='word_1_30' title='bbox 440 1131 587 1206; x_wconf 70' lang='lat' dir='ltr'>flexit:</span> <span class='ocrx_word' id='word_1_31' title='bbox 607 1141 645 1203; x_wconf 88' lang='lat' dir='ltr'>et</span> <span class='ocrx_word' id='word_1_32' title='bbox 656 1121 848 1222; x_wconf 80' lang='lat' dir='ltr'>admonita</span> <span class='ocrx_word' id='word_1_33' title='bbox 861 1131 917 1194; x_wconf 83' lang='lat' dir='ltr'>est</span> <span class='ocrx_word' id='word_1_34' title='bbox 927 1115 1010 1192; x_wconf 75' lang='lat' dir='ltr'>haec</span> <span class='ocrx_word' id='word_1_35' title='bbox 1022 1113 1097 1187; x_wconf 90' lang='lat' dir='ltr'>illis</span> <span class='ocrx_word' id='word_1_36' title='bbox 1109 1136 1216 1210; x_wconf 87' lang='lat' dir='ltr'>posse</span> <span class='ocrx_word' id='word_1_37' title='bbox 1232 1109 1412 1206; x_wconf 82' lang='lat' dir='ltr'>relinqui:</span> 
     </span>
    </p>

    <p class='ocr_par' dir='ltr' id='par_1_6' title="bbox 415 1241 1506 1474">
     <span class='ocr_line' id='line_1_6' title="bbox 415 1241 1506 1354; baseline -0.026 -19"><span class='ocrx_word' id='word_1_38' title='bbox 415 1275 420 1284; x_wconf 89' lang='lat'>&#39;</span> <span class='ocrx_word' id='word_1_39' title='bbox 440 1257 681 1354; x_wconf 88' lang='lat' dir='ltr'>Grandiaque</span> <span class='ocrx_word' id='word_1_40' title='bbox 693 1254 736 1328; x_wconf 90' lang='lat' dir='ltr'>in</span> <span class='ocrx_word' id='word_1_41' title='bbox 748 1264 876 1326; x_wconf 80' lang='lat' dir='ltr'>torvos</span> <span class='ocrx_word' id='word_1_42' title='bbox 890 1243 1132 1321; x_wconf 73' lang='lat' dir='ltr'>transformat</span> <span class='ocrx_word' id='word_1_43' title='bbox 1144 1241 1314 1315; x_wconf 89' lang='lat' dir='ltr'>membra</span> <span class='ocrx_word' id='word_1_44' title='bbox 1323 1241 1506 1334; x_wconf 85' lang='lat' dir='ltr'>juvencos.</span> 
     </span>
     <span class='ocr_line' id='line_1_7' title="bbox 489 1373 1476 1474; baseline -0.022 -10"><span class='ocrx_word' id='word_1_45' title='bbox 489 1391 588 1464; x_wconf 86' lang='lat' dir='ltr'><strong>Sunt</strong></span> <span class='ocrx_word' id='word_1_46' title='bbox 601 1401 728 1462; x_wconf 82' lang='lat' dir='ltr'>tamen</span> <span class='ocrx_word' id='word_1_47' title='bbox 741 1387 910 1459; x_wconf 82' lang='lat' dir='ltr'>obscenae</span> <span class='ocrx_word' id='word_1_48' title='bbox 922 1379 1110 1455; x_wconf 86' lang='lat' dir='ltr'>Venerem</span> <span class='ocrx_word' id='word_1_49' title='bbox 1130 1373 1359 1474; x_wconf 75' lang='lat' dir='ltr'>Propoetides</span> <span class='ocrx_word' id='word_1_50' title='bbox 1371 1395 1476 1466; x_wconf 53' lang='lat' dir='ltr'>ausae,</span> 
     </span>
    </p>

    <p class='ocr_par' dir='ltr' id='par_1_7' title="bbox 395 1501 1390 1878">
     <span class='ocr_line' id='line_1_8' title="bbox 395 1501 1390 1620; baseline -0.023 -23"><span class='ocrx_word' id='word_1_51' title='bbox 395 1531 397 1538; x_wconf 58' lang='lat'><strong><em>⁴</em></strong></span> <span class='ocrx_word' id='word_1_52' title='bbox 441 1520 529 1596; x_wconf 82' lang='lat' dir='ltr'>Esse</span> <span class='ocrx_word' id='word_1_53' title='bbox 544 1541 677 1615; x_wconf 76' lang='lat' dir='ltr'>negare</span> <span class='ocrx_word' id='word_1_54' title='bbox 690 1517 808 1590; x_wconf 83' lang='lat' dir='ltr'>Deam</span> <span class='ocrx_word' id='word_1_55' title='bbox 825 1541 833 1586; x_wconf 92' lang='lat'><strong>:</strong></span> <span class='ocrx_word' id='word_1_56' title='bbox 848 1537 919 1620; x_wconf 74' lang='lat' dir='ltr'>pro¹</span> <span class='ocrx_word' id='word_1_57' title='bbox 935 1535 1013 1607; x_wconf 89' lang='lat' dir='ltr'>quo</span> <span class='ocrx_word' id='word_1_58' title='bbox 1027 1531 1113 1603; x_wconf 87' lang='lat' dir='ltr'>sua,</span> <span class='ocrx_word' id='word_1_59' title='bbox 1132 1503 1304 1579; x_wconf 90' lang='lat' dir='ltr'>numinis</span> <span class='ocrx_word' id='word_1_60' title='bbox 1317 1501 1390 1598; x_wconf 77' lang='lat' dir='ltr'>irs,</span> 
     </span>
     <span class='ocr_line' id='line_1_9' title="bbox 441 1625 1374 1748; baseline -0.019 -24"><span class='ocrx_word' id='word_1_61' title='bbox 441 1651 607 1748; x_wconf 84' lang='lat' dir='ltr'>Corpora</span> <span class='ocrx_word' id='word_1_62' title='bbox 619 1672 708 1721; x_wconf 90' lang='lat' dir='ltr'>cum</span> <span class='ocrx_word' id='word_1_63' title='bbox 719 1643 842 1721; x_wconf 73' lang='lat' dir='ltr'>forma</span> <span class='ocrx_word' id='word_1_64' title='bbox 855 1646 990 1742; x_wconf 77' lang='lat' dir='ltr'>primae</span> <span class='ocrx_word' id='word_1_65' title='bbox 1004 1638 1172 1736; x_wconf 75' lang='lat' dir='ltr'>vulgasse</span> <span class='ocrx_word' id='word_1_66' title='bbox 1185 1625 1374 1709; x_wconf 84' lang='lat' dir='ltr'>feruntur.</span> 
     </span>
     <span class='ocr_line' id='line_1_10' title="bbox 441 1751 1381 1878; baseline -0.017 -26"><span class='ocrx_word' id='word_1_67' title='bbox 441 1779 568 1877; x_wconf 87' lang='lat' dir='ltr'>thue</span> <span class='ocrx_word' id='word_1_68' title='bbox 582 1779 707 1878; x_wconf 88' lang='lat' dir='ltr'>pudor</span> <span class='ocrx_word' id='word_1_69' title='bbox 718 1775 845 1871; x_wconf 83' lang='lat' dir='ltr'>cessit,</span> <span class='ocrx_word' id='word_1_70' title='bbox 859 1770 1085 1870; x_wconf 81' lang='lat' dir='ltr'>sanguisque</span> <span class='ocrx_word' id='word_1_71' title='bbox 1097 1765 1275 1842; x_wconf 90' lang='lat' dir='ltr'>induruit</span> <span class='ocrx_word' id='word_1_72' title='bbox 1288 1751 1381 1855; x_wconf 88' lang='lat' dir='ltr'>oris,</span> 
     </span>
    </p>

    <p class='ocr_par' dir='ltr' id='par_1_8' title="bbox 442 1889 1358 2008">
     <span class='ocr_line' id='line_1_11' title="bbox 442 1889 1358 2008; baseline -0.017 -24"><span class='ocrx_word' id='word_1_73' title='bbox 442 1910 490 1984; x_wconf 88' lang='lat' dir='ltr'>ln</span> <span class='ocrx_word' id='word_1_74' title='bbox 505 1907 669 2008; x_wconf 91' lang='lat' dir='ltr'>rigidum</span> <span class='ocrx_word' id='word_1_75' title='bbox 684 1925 800 2004; x_wconf 69' lang='lat' dir='ltr'>panto</span> <span class='ocrx_word' id='word_1_76' title='bbox 814 1903 957 1977; x_wconf 88' lang='lat' dir='ltr'>silicem</span> <span class='ocrx_word' id='word_1_77' title='bbox 966 1889 1189 1976; x_wconf 73' lang='lat' dir='ltr'>discrimine</span> <span class='ocrx_word' id='word_1_78' title='bbox 1201 1919 1320 1970; x_wconf 76' lang='lat' dir='ltr'>versas</span> <span class='ocrx_word' id='word_1_79' title='bbox 1336 1902 1358 1968; x_wconf 90' lang='lat'>¹.</span> 
     </span>
    </p>
   </div>
   <div class='ocr_carea' id='block_1_6' title="bbox 692 2135 1229 2279">
    <p class='ocr_par' dir='ltr' id='par_1_9' title="bbox 692 2135 1229 2279">
     <span class='ocr_line' id='line_1_12' title="bbox 692 2135 1229 2279; baseline -0.011 -25"><span class='ocrx_word' id='word_1_80' title='bbox 692 2135 765 2254; x_wconf 78' lang='lat' dir='ltr'>Ill.</span> <span class='ocrx_word' id='word_1_81' title='bbox 793 2181 1012 2279; x_wconf 80' lang='lat' dir='ltr'>Pigmalion</span> <span class='ocrx_word' id='word_1_82' title='bbox 1028 2189 1066 2254; x_wconf 86' lang='lat' dir='ltr'>et</span> <span class='ocrx_word' id='word_1_83' title='bbox 1081 2179 1229 2250; x_wconf 80' lang='lat' dir='ltr'>Statua.</span> 
     </span>
    </p>
   </div>
   <div class='ocr_carea' id='block_1_7' title="bbox 305 2429 1573 2672">
    <p class='ocr_par' dir='ltr' id='par_1_10' title="bbox 305 2429 1573 2672">
     <span class='ocr_line' id='line_1_13' title="bbox 492 2429 1573 2542; baseline -0.011 -18"><span class='ocrx_word' id='word_1_84' title='bbox 492 2452 624 2539; x_wconf 74' lang='lat' dir='ltr'>&#39;Quas</span> <span class='ocrx_word' id='word_1_85' title='bbox 641 2443 732 2542; x_wconf 87' lang='lat' dir='ltr'>quia</span> <span class='ocrx_word' id='word_1_86' title='bbox 741 2440 960 2540; x_wconf 81' lang='lat' dir='ltr'>Pygmalion</span> <span class='ocrx_word' id='word_1_87' title='bbox 972 2457 1100 2518; x_wconf 81' lang='lat' dir='ltr'>aevum</span> <span class='ocrx_word' id='word_1_88' title='bbox 1115 2463 1184 2540; x_wconf 89' lang='lat' dir='ltr'>per</span> <span class='ocrx_word' id='word_1_89' title='bbox 1197 2441 1344 2516; x_wconf 88' lang='lat' dir='ltr'>crimen</span> <span class='ocrx_word' id='word_1_90' title='bbox 1355 2453 1494 2540; x_wconf 78' lang='lat' dir='ltr'>agentes</span> <span class='ocrx_word' id='word_1_91' title='bbox 1572 2429 1573 2460; x_wconf 81' lang='lat'>³</span> 
     </span>
     <span class='ocr_line' id='line_1_14' title="bbox 305 2569 1365 2672; baseline -0.007 -20"><span class='ocrx_word' id='word_1_92' title='bbox 305 2587 317 2598; x_wconf 85' lang='lat'>&#39;</span> <span class='ocrx_word' id='word_1_93' title='bbox 446 2577 619 2672; x_wconf 82' lang='lat' dir='ltr'>Viderat,</span> <span class='ocrx_word' id='word_1_94' title='bbox 638 2573 801 2672; x_wconf 81' lang='lat' dir='ltr'>offensus</span> <span class='ocrx_word' id='word_1_95' title='bbox 817 2569 945 2669; x_wconf 84' lang='lat' dir='ltr'>vitiis,</span> <span class='ocrx_word' id='word_1_96' title='bbox 964 2595 1049 2668; x_wconf 82' lang='lat' dir='ltr'>quae</span> <span class='ocrx_word' id='word_1_97' title='bbox 1065 2569 1231 2669; x_wconf 87' lang='lat' dir='ltr'>plurima</span> <span class='ocrx_word' id='word_1_98' title='bbox 1243 2571 1365 2645; x_wconf 89' lang='lat' dir='ltr'>menti</span> 
     </span>
    </p>
   </div>
   <div class='ocr_carea' id='block_1_8' title="bbox 443 2697 1494 3569">
    <p class='ocr_par' dir='ltr' id='par_1_11' title="bbox 443 2697 1354 2934">
     <span class='ocr_line' id='line_1_15' title="bbox 443 2697 1354 2796; baseline -0.009 -16"><span class='ocrx_word' id='word_1_99' title='bbox 443 2701 801 2780; x_wconf 74' lang='lat' dir='ltr'>Foemineaeuamra</span> <span class='ocrx_word' id='word_1_100' title='bbox 812 2697 936 2795; x_wconf 87' lang='lat' dir='ltr'>dedit,</span> <span class='ocrx_word' id='word_1_101' title='bbox 952 2699 1035 2773; x_wconf 89' lang='lat' dir='ltr'>sine</span> <span class='ocrx_word' id='word_1_102' title='bbox 1049 2699 1206 2796; x_wconf 87' lang='lat' dir='ltr'>conjuge</span> <span class='ocrx_word' id='word_1_103' title='bbox 1222 2699 1354 2774; x_wconf 81' lang='lat' dir='ltr'>caelebs</span> 
     </span>
     <span class='ocr_line' id='line_1_16' title="bbox 446 2825 1322 2934; baseline -0.006 -29"><span class='ocrx_word' id='word_1_104' title='bbox 446 2831 608 2906; x_wconf 78' lang='lat' dir='ltr'>Vivebat</span> <span class='ocrx_word' id='word_1_105' title='bbox 623 2857 634 2906; x_wconf 75' lang='lat' dir='ltr'><strong><em>z</em></strong></span> <span class='ocrx_word' id='word_1_106' title='bbox 650 2827 881 2934; x_wconf 77' lang='lat' dir='ltr'>thalamique</span> <span class='ocrx_word' id='word_1_107' title='bbox 895 2825 964 2900; x_wconf 88' lang='lat' dir='ltr'>diu</span> <span class='ocrx_word' id='word_1_108' title='bbox 980 2837 1151 2900; x_wconf 82' lang='lat' dir='ltr'>consorte</span> <span class='ocrx_word' id='word_1_109' title='bbox 1166 2827 1322 2900; x_wconf 86' lang='lat' dir='ltr'>carebat.</span> 
     </span>
    </p>

    <p class='ocr_par' dir='ltr' id='par_1_12' title="bbox 443 2953 1148 3042">
     <span class='ocr_line' id='line_1_17' title="bbox 443 2953 1148 3042; baseline -0.007 -6"><span class='ocrx_word' id='word_1_110' title='bbox 443 2959 594 3042; x_wconf 77' lang='lat' dir='ltr'>,Interea</span> <span class='ocrx_word' id='word_1_111' title='bbox 605 2957 764 3032; x_wconf 89' lang='lat' dir='ltr'>niveum</span> <span class='ocrx_word' id='word_1_112' title='bbox 780 2955 879 3030; x_wconf 81' lang='lat' dir='ltr'>mird</span> <span class='ocrx_word' id='word_1_113' title='bbox 894 2953 1052 3030; x_wconf 81' lang='lat' dir='ltr'>feliciter</span> <span class='ocrx_word' id='word_1_114' title='bbox 1068 2969 1148 3031; x_wconf 83' lang='lat' dir='ltr'>arte</span> 
     </span>
    </p>

    <p class='ocr_par' dir='ltr' id='par_1_13' title="bbox 448 3081 1494 3442">
     <span class='ocr_line' id='line_1_18' title="bbox 448 3081 1494 3191; baseline -0.006 -32"><span class='ocrx_word' id='word_1_115' title='bbox 448 3086 610 3184; x_wconf 86' lang='lat' dir='ltr'>Sculpsit</span> <span class='ocrx_word' id='word_1_116' title='bbox 621 3086 733 3181; x_wconf 86' lang='lat' dir='ltr'>ebur;</span> <span class='ocrx_word' id='word_1_117' title='bbox 748 3083 984 3191; x_wconf 82' lang='lat' dir='ltr'>formamque</span> <span class='ocrx_word' id='word_1_118' title='bbox 998 3083 1122 3181; x_wconf 88' lang='lat' dir='ltr'>dedit,</span> <span class='ocrx_word' id='word_1_119' title='bbox 1141 3085 1217 3184; x_wconf 81' lang='lat' dir='ltr'>quai</span> <span class='ocrx_word' id='word_1_120' title='bbox 1229 3083 1387 3160; x_wconf 87' lang='lat' dir='ltr'>foemina</span> <span class='ocrx_word' id='word_1_121' title='bbox 1399 3081 1494 3159; x_wconf 86' lang='lat' dir='ltr'>nasci</span> 
     </span>
     <span class='ocr_line' id='line_1_19' title="bbox 449 3214 1388 3314; baseline -0.004 -20"><span class='ocrx_word' id='word_1_122' title='bbox 449 3215 560 3294; x_wconf 78' lang='lat' dir='ltr'>Nulla</span> <span class='ocrx_word' id='word_1_123' title='bbox 575 3226 719 3314; x_wconf 87' lang='lat' dir='ltr'>potest:</span> <span class='ocrx_word' id='word_1_124' title='bbox 735 3215 933 3312; x_wconf 88' lang='lat' dir='ltr'>operisque</span> <span class='ocrx_word' id='word_1_125' title='bbox 947 3214 1008 3289; x_wconf 89' lang='lat' dir='ltr'>sui</span> <span class='ocrx_word' id='word_1_126' title='bbox 1022 3215 1194 3314; x_wconf 89' lang='lat' dir='ltr'>concepit</span> <span class='ocrx_word' id='word_1_127' title='bbox 1209 3241 1388 3290; x_wconf 85' lang='lat' dir='ltr'>amorem.</span> 
     </span>
     <span class='ocr_line' id='line_1_20' title="bbox 450 3343 1375 3442; baseline -0.006 -18"><span class='ocrx_word' id='word_1_128' title='bbox 450 3343 613 3442; x_wconf 82' lang='lat' dir='ltr'>Virginis</span> <span class='ocrx_word' id='word_1_129' title='bbox 627 3355 682 3418; x_wconf 88' lang='lat' dir='ltr'>est</span> <span class='ocrx_word' id='word_1_130' title='bbox 695 3369 795 3418; x_wconf 85' lang='lat' dir='ltr'>verae</span> <span class='ocrx_word' id='word_1_131' title='bbox 808 3343 938 3440; x_wconf 85' lang='lat' dir='ltr'>facies,</span> <span class='ocrx_word' id='word_1_132' title='bbox 956 3369 1072 3442; x_wconf 86' lang='lat' dir='ltr'>quam</span> <span class='ocrx_word' id='word_1_133' title='bbox 1084 3343 1216 3418; x_wconf 85' lang='lat' dir='ltr'>vivere</span> <span class='ocrx_word' id='word_1_134' title='bbox 1229 3343 1375 3418; x_wconf 89' lang='lat' dir='ltr'>credas:</span> 
     </span>
    </p>

    <p class='ocr_par' dir='ltr' id='par_1_14' title="bbox 450 3467 1321 3569">
     <span class='ocr_line' id='line_1_21' title="bbox 450 3467 1321 3569; baseline -0.001 -23"><span class='ocrx_word' id='word_1_135' title='bbox 450 3473 516 3569; x_wconf 88' lang='lat' dir='ltr'>Et,</span> <span class='ocrx_word' id='word_1_136' title='bbox 531 3472 655 3548; x_wconf 89' lang='lat' dir='ltr'>sinon</span> <span class='ocrx_word' id='word_1_137' title='bbox 668 3473 787 3546; x_wconf 90' lang='lat' dir='ltr'>obstet</span> <span class='ocrx_word' id='word_1_138' title='bbox 800 3469 1031 3569; x_wconf 83' lang='lat' dir='ltr'>reverentia,</span> <span class='ocrx_word' id='word_1_139' title='bbox 1050 3467 1148 3546; x_wconf 78' lang='lat' dir='ltr'>velte</span> <span class='ocrx_word' id='word_1_140' title='bbox 1160 3469 1321 3547; x_wconf 82' lang='lat' dir='ltr'>moveri.</span> 
     </span>
    </p>
   </div>
   <div class='ocr_carea' id='block_1_9' title="bbox 451 3683 1479 4056">
    <p class='ocr_par' dir='ltr' id='par_1_15' title="bbox 451 3683 1479 4056">
     <span class='ocr_line' id='line_1_22' title="bbox 494 3683 1478 3763; baseline -0.004 -19"><span class='ocrx_word' id='word_1_141' title='bbox 494 3689 503 3719; x_wconf 85' lang='lat'><strong>¹</strong></span> <span class='ocrx_word' id='word_1_142' title='bbox 527 3686 685 3746; x_wconf 77' lang='lat' dir='ltr'>L&#39;hubiletd</span> <span class='ocrx_word' id='word_1_143' title='bbox 697 3683 734 3744; x_wconf 86' lang='lat' dir='ltr'>de</span> <span class='ocrx_word' id='word_1_144' title='bbox 749 3686 778 3744; x_wconf 82' lang='lat' dir='ltr'>la</span> <span class='ocrx_word' id='word_1_145' title='bbox 793 3688 991 3763; x_wconf 76' lang='lat' dir='ltr'>composition</span> <span class='ocrx_word' id='word_1_146' title='bbox 1006 3683 1132 3744; x_wconf 83' lang='lat' dir='ltr'>d’Ovide</span> <span class='ocrx_word' id='word_1_147' title='bbox 1148 3705 1179 3756; x_wconf 80' lang='lat' dir='ltr'>se</span> <span class='ocrx_word' id='word_1_148' title='bbox 1191 3703 1346 3762; x_wconf 73' lang='lat' dir='ltr'>temetque</span> <span class='ocrx_word' id='word_1_149' title='bbox 1357 3683 1478 3760; x_wconf 77' lang='lat' dir='ltr'>jusques</span> 
     </span>
     <span class='ocr_line' id='line_1_23' title="bbox 451 3781 1479 3860; baseline -0.004 -22"><span class='ocrx_word' id='word_1_150' title='bbox 451 3783 524 3854; x_wconf 83' lang='lat' dir='ltr'>dans</span> <span class='ocrx_word' id='word_1_151' title='bbox 542 3783 583 3840; x_wconf 86' lang='lat' dir='ltr'>les</span> <span class='ocrx_word' id='word_1_152' title='bbox 597 3781 846 3856; x_wconf 69' lang='lat' dir='ltr'>metamor-pheses</span> <span class='ocrx_word' id='word_1_153' title='bbox 861 3785 915 3860; x_wconf 90' lang='lat' dir='ltr'>qui</span> <span class='ocrx_word' id='word_1_154' title='bbox 929 3795 996 3842; x_wconf 87' lang='lat' dir='ltr'>sont</span> <span class='ocrx_word' id='word_1_155' title='bbox 1010 3785 1038 3840; x_wconf 90' lang='lat' dir='ltr'>le</span> <span class='ocrx_word' id='word_1_156' title='bbox 1055 3783 1152 3840; x_wconf 85' lang='lat' dir='ltr'>moins</span> <span class='ocrx_word' id='word_1_157' title='bbox 1171 3783 1386 3842; x_wconf 73' lang='lat' dir='ltr'>interessentes.</span> <span class='ocrx_word' id='word_1_158' title='bbox 1406 3783 1431 3838; x_wconf 85' lang='lat'>11</span> <span class='ocrx_word' id='word_1_159' title='bbox 1445 3800 1479 3837; x_wconf 77' lang='lat' dir='ltr'>ne</span> 
     </span>
     <span class='ocr_line' id='line_1_24' title="bbox 452 3879 1479 3960; baseline -0.005 -22"><span class='ocrx_word' id='word_1_160' title='bbox 452 3883 495 3960; x_wconf 57' lang='grc' dir='ltr'>εὖ]</span> <span class='ocrx_word' id='word_1_161' title='bbox 507 3882 603 3938; x_wconf 69' lang='lat' dir='ltr'>strete</span> <span class='ocrx_word' id='word_1_162' title='bbox 616 3898 668 3954; x_wconf 79' lang='lat' dir='ltr'>pas</span> <span class='ocrx_word' id='word_1_163' title='bbox 679 3881 856 3956; x_wconf 85' lang='lat' dir='ltr'>long-tems,</span> <span class='ocrx_word' id='word_1_164' title='bbox 868 3893 897 3938; x_wconf 85' lang='lat' dir='ltr'>et</span> <span class='ocrx_word' id='word_1_165' title='bbox 910 3883 950 3940; x_wconf 82' lang='lat' dir='ltr'>les</span> <span class='ocrx_word' id='word_1_166' title='bbox 961 3881 1103 3940; x_wconf 84' lang='lat' dir='ltr'>distribue</span> <span class='ocrx_word' id='word_1_167' title='bbox 1115 3881 1152 3938; x_wconf 82' lang='lat' dir='ltr'>de</span> <span class='ocrx_word' id='word_1_168' title='bbox 1167 3881 1296 3938; x_wconf 70' lang='lat' dir='ltr'>muniere</span> <span class='ocrx_word' id='word_1_169' title='bbox 1309 3882 1325 3936; x_wconf 75' lang='lat' dir='ltr'>i</span> <span class='ocrx_word' id='word_1_170' title='bbox 1339 3880 1434 3937; x_wconf 78' lang='lat' dir='ltr'>servir</span> <span class='ocrx_word' id='word_1_171' title='bbox 1444 3879 1479 3936; x_wconf 80' lang='lat' dir='ltr'>dc</span> 
     </span>
     <span class='ocr_line' id='line_1_25' title="bbox 452 3977 1357 4056; baseline 0.001 -24"><span class='ocrx_word' id='word_1_172' title='bbox 452 3978 551 4036; x_wconf 59' lang='lat' dir='ltr'>‹radrss</span> <span class='ocrx_word' id='word_1_173' title='bbox 562 3995 621 4035; x_wconf 79' lang='lat' dir='ltr'>aux</span> <span class='ocrx_word' id='word_1_174' title='bbox 634 3977 743 4051; x_wconf 78' lang='lat' dir='ltr'>grands</span> <span class='ocrx_word' id='word_1_175' title='bbox 757 3977 895 4036; x_wconf 72' lang='lat' dir='ltr'>ubtsuux</span> <span class='ocrx_word' id='word_1_176' title='bbox 909 3979 945 4037; x_wconf 85' lang='lat' dir='ltr'>de</span> <span class='ocrx_word' id='word_1_177' title='bbox 959 3999 989 4037; x_wconf 79' lang='lat' dir='ltr'>sa</span> <span class='ocrx_word' id='word_1_178' title='bbox 1002 3980 1108 4056; x_wconf 74' lang='lat' dir='ltr'>galeria</span> <span class='ocrx_word' id='word_1_179' title='bbox 1123 3979 1357 4056; x_wconf 73' lang='lat' dir='ltr'>mythologique.</span> 
     </span>
    </p>
   </div>
   <div class='ocr_carea' id='block_1_10' title="bbox 0 0 1602 5352">
    <p class='ocr_par' dir='ltr' id='par_1_16' title="bbox 0 0 1602 5352">
     <span class='ocr_line' id='line_1_26' title="bbox 0 0 1602 5352; baseline 0 0"><span class='ocrx_word' id='word_1_180' title='bbox 0 0 1602 5352; x_wconf 95' lang='lat' dir='ltr'> </span> 
     </span>
    </p>
   </div>
  </div>
 </body>
</html>
