3178 5312
399 543 470 618 358
516 555 598 612 cus
628 525 1069 607 niranoueuosus
1100 545 1328 629 uovrnu,

400 700 572 798 Effugere
586 687 689 794 optat
703 717 792 790 opes
807 719 814 764 :
830 703 884 786 et,
899 667 987 788 quie
999 689 1115 767 modo
1128 708 1302 792 voverat,
1320 687 1412 776 odit.

399 826 518 925 Copia
531 823 638 899 nulla
650 821 789 897 famem
807 820 949 893 relevet
965 848 974 893 ε
990 821 1072 894 sitis
1088 822 1194 897 aride
1205 839 1338 924 guttur

399 955 505 1053 Urit,
521 969 558 1030 et
571 952 698 1029 inviso
714 951 873 1026 meritus
890 951 1094 1048 torquetur
1105 955 1153 1028 ab
1169 981 1275 1032 aure.

401 1083 459 1159 Ad
473 1084 689 1182 coelumque
702 1105 857 1177 manus,
873 1091 911 1152 et
925 1079 1122 1178 splendida
1133 1085 1289 1160 brachia
1301 1087 1454 1189 tollens,
1583 1069 1584 1110 i

400 1215 459 1291 Da
474 1215 647 1311 veniam,
664 1213 800 1288 Lenaee
813 1223 920 1310 peter
936 1241 945 1287 ε
960 1216 1218 1315 peccavimus,
1234 1219 1363 1320 inquit
1372 1251 1382 1318 ;

400 1351 473 1426 Sed
491 1351 686 1444 miserere,
700 1373 852 1445 precor,
869 1349 1110 1449 speciosoque
1124 1352 1227 1450 cripe
1240 1353 1390 1431 damno.

449 1479 542 1553 Mite
555 1474 682 1550 Derim
698 1499 847 1548 numen
863 1502 872 1548 :
887 1475 1057 1550 Bacchus
1070 1502 1238 1576 peccasse
1254 1479 1433 1556 fatentem

400 1608 601 1705 Restituit,
615 1621 838 1707 pactamque
851 1607 984 1706 fidem,
1001 1607 1086 1683 data
1102 1634 1280 1708 munera,
1296 1613 1410 1688 solvit
1425 1621 1451 1690 ¹.
1473 1645 1477 1650 ·

247 1709 251 1718 ι
300 1737 302 1745 ”
450 1735 555 1809 Neve
571 1735 667 1807 male
684 1745 811 1832 optato
825 1759 977 1808 maneas
993 1713 1229 1812 circumiitus
1244 1761 1359 1836 auro,

285 1939 292 1948 ,
401 1863 526 1962 Vade,
541 1864 613 1961 ait,
629 1862 676 1938 ed
690 1865 835 1961 magnis
848 1866 1023 1941 vicinum
1038 1867 1219 1944 Sardibus
1231 1897 1381 1946 amnem
1389 1903 1402 1969 ;

400 1998 548 2095 Perque
564 1997 698 2094 jugum
714 1995 856 2071 montis
868 1995 1082 2074 labentibus
1097 1999 1233 2074 obvius
1247 2000 1363 2074 undis

398 2131 520 2230 Carpe
537 2131 659 2228 viam,
674 2128 794 2202 donec
809 2127 941 2202 venias
957 2125 1004 2202 ad
1020 2127 1192 2202 fluminis
1206 2141 1324 2204 ortus.

400 2261 692 2362 Spmniferoque
705 2272 819 2333 tuum
834 2255 951 2355 fonti,
968 2256 1044 2354 qut
1059 2257 1251 2354 plurimus
1266 2260 1363 2356 exit,

400 2393 529 2469 Subde
545 2403 659 2490 caput
675 2419 683 2465 :
700 2412 912 2487 corpusque
928 2387 1064 2485 simul,
1078 2388 1194 2461 simul
1208 2389 1292 2463 elue
1304 2379 1464 2468 crimen.

451 2521 535 2595 Rex
547 2522 658 2618 jussae
671 2517 838 2593 succedit
850 2539 971 2616 aquae.
986 2515 1054 2591 vis
1066 2541 1180 2592 aurea
1191 2517 1310 2594 tinxit

402 2654 582 2750 Flumen,
598 2665 636 2726 et
651 2651 823 2726 humano
839 2648 887 2723 de
904 2673 1061 2748 corpore
1076 2655 1185 2725 cessit
1200 2653 1243 2726 in
1260 2679 1425 2731 amnem.

402 2785 516 2860 Nunc
529 2809 682 2884 quoque
694 2783 789 2880 jam,
803 2781 943 2856 veteris
956 2793 1132 2882 percepto
1145 2784 1288 2856 semine
1301 2809 1426 2886 venae,

403 2917 507 2993 Arva
518 2915 660 3014 rigent,
675 2937 770 2987 auro
786 2910 947 2988 madidis
960 2911 1138 3012 pallentia
1151 2914 1278 3014 glebis.

573 3107 646 3184 IV.
674 3109 810 3186 Midas
827 3111 943 3186 tabet
957 3112 1149 3184 auriculas
1166 3115 1281 3188 asini.
1306 3153 1309 3158 Δ

453 3305 583 3402 ILLE,
598 3329 754 3402 perosus
769 3328 875 3402 opes,
891 3304 1003 3380 silvas
1018 3315 1055 3379 et
1067 3331 1159 3381 rura
1174 3306 1334 3404 colebat,

401 3434 581 3534 Panaque
597 3438 786 3510 montanis
803 3437 1036 3513 habitantem
1053 3465 1201 3538 semper
1213 3442 1256 3513 in
1269 3443 1401 3516 antris.

405 3569 549 3667 Pingue
564 3567 627 3641 sed
641 3567 838 3665 ingenium
853 3569 992 3644 mansit
1009 3600 1017 3646 :
1033 3573 1299 3672 nocituraque,
1315 3585 1360 3646 ut
1372 3585 1480 3674 ante,

406 3699 554 3775 Rursus
569 3713 676 3774 erant
689 3700 846 3775 domino
862 3701 1007 3777 stolidae
1020 3703 1225 3802 praecordia
1241 3703 1392 3777 mentis.

449 3889 459 3918 ¹
480 3882 651 3940 Laconisme
662 3883 802 3960 poetique
812 3924 820 3953 ‚
830 3885 883 3961 qui
894 3884 1006 3962 signifie
1016 3865 1075 3962 qu‘e
1085 3887 1216 3944 Bacchus
1224 3885 1312 3944 retire
1323 3885 1340 3944 i
1350 3884 1448 3944 Midae

407 3983 434 4040 le
447 3981 508 4042 don
522 3981 594 4060 qu'il
608 3982 650 4039 lui
663 3982 743 4040 erait
754 3983 807 4044 seit
817 4004 897 4060 pour
910 3987 1069 4062 accomplir
1081 4005 1111 4043 sa
1124 4004 1283 4060 promessc·
1297 4034 1301 4042 ,
