3226 5336
405 543 477 619 254
523 555 607 614 uus
636 529 1073 642 uirauonruosus
1104 555 1327 634 movim-z,

403 709 465 784 Me
481 707 677 782 miseram!
698 706 801 804 quod
814 731 894 779 non
908 707 1010 779 nasci
1022 707 1121 780 mihi
1134 708 1290 804 conligit
1305 707 1395 780 illic.

329 817 341 846 ⁸
403 837 646 934 Fortunaque
662 837 736 910 loci
748 836 876 910 laedor.
892 836 995 926 Quid
1013 837 1056 910 in
1069 838 1139 910 ista
1151 837 1353 912 revolvor?

393 949 493 1067 ¹Spes
506 969 734 1065 interdictas,
752 968 942 1044 discedite.
962 969 1109 1068 Dignus
1125 971 1243 1043 amari
1261 976 1270 1005 ¹

401 1101 489 1195 llle,
508 1099 572 1172 sed
583 1112 627 1172 ut
640 1111 762 1195 pater,
779 1111 844 1173 est.
862 1098 957 1196 Ergo
970 1098 1003 1170 si
1015 1097 1093 1171 filia
1105 1098 1230 1194 magui

395 1215 485 1306 'Non
500 1255 616 1302 essem
629 1228 800 1324 Cinyrae,
814 1227 964 1326 Cinyrae
976 1229 1228 1322 concumbere
1241 1222 1409 1324 possem?

400 1359 511 1434 Nunc
518 1355 692 1453 quiatam
701 1379 809 1427 meus
818 1367 891 1451 est,
907 1381 983 1428 non
993 1369 1180 1458 estmeus3
1197 1355 1349 1453 ipsaque
1358 1351 1502 1425 damno

398 1487 463 1561 Est
475 1483 573 1558 mihi
586 1483 809 1580 proximitas
826 1512 833 1555 :
848 1485 968 1558 aliena
979 1489 1171 1583 potentior
1183 1513 1313 1561 essem.

398 1617 459 1690 Ire
470 1615 562 1688 libet
574 1615 706 1711 procul
716 1613 825 1711 hinc,
844 1617 1058 1715 patriosque
1072 1605 1286 1717 relinquere
1298 1617 1412 1712 fines,

396 1749 503 1822 Dum
516 1747 633 1820 scelus
647 1745 831 1843 effugiam.
850 1745 1000 1819 Retinet
1012 1748 1133 1822 malus
1146 1759 1468 1838 emanantem,

397 1876 450 1948 Ut
461 1901 624 1972 praesens
638 1886 799 1969 spectem
813 1874 1000 1972 Cinyran,
1019 1891 1259 1974 tangamque,
1278 1878 1511 1973 loquarque,

397 1989 609 2102 Osculaque
622 2004 860 2101 admoveam,
877 2007 908 2079 si
922 2006 979 2078 nil
991 2007 1211 2081 conceditur
1225 2006 1335 2080 ultra.

394 2137 504 2211 Ultra
515 2147 640 2208 autem
655 2159 802 2230 sperare
814 2136 957 2232 aliquid
972 2151 1093 2234 potes,
1111 2137 1229 2235 impia
1241 2139 1348 2234 virgo
1363 2134 1403 2208 ’ἲ

394 2254 492 2366 Nec,
507 2279 606 2367 quot'
616 2267 824 2342 confundas
838 2280 875 2340 et
886 2272 970 2364 jura
984 2283 1021 2342 ct
1033 2271 1206 2366 nomina,
1223 2267 1364 2342 sentis?

369 2445 375 2462 ·
394 2397 506 2472 Tune
518 2399 611 2493 eris,
627 2410 664 2470 et
677 2397 807 2471 matris
819 2398 961 2494 pellex,
979 2411 1018 2472 et
1029 2397 1197 2471 adultera
1211 2395 1351 2495 panis?

313 2621 314 2628 ἵ
393 2527 504 2602 Tune
517 2553 622 2602 soror
633 2529 753 2624 guali,
768 2527 1006 2626 genitrixque
1019 2529 1198 2602 vocabere
1210 2526 1361 2602 fratris?

392 2655 469 2731 Nec
482 2670 626 2729 metues
639 2668 721 2728 auo
734 2655 888 2730 crinitas
902 2683 1021 2754 angue
1036 2658 1205 2754 Sorores,

393 2787 509 2880 Quae,
529 2785 671 2858 facibus
684 2787 792 2858 saevis
809 2789 935 2861 oculos
948 2800 1060 2885 alque
1073 2815 1138 2862 ora
1151 2800 1333 2888 petentes,

391 2915 513 2991 Noxia
522 2915 634 2989 corda
647 2913 804 2986 vident?
817 2917 866 2989 At
878 2929 941 3013 tu,
957 2917 1051 2990 (lum
1065 2943 1219 3014 corpore
1233 2942 1310 2990 non
1327 2939 1365 2988 es

390 3019 498 3118 Passa
511 3044 631 3139 nefas,
650 3044 778 3117 auimo
792 3071 839 3118 nc
852 3049 1005 3145 concipe
1022 3077 1030 3122 :
1047 3075 1143 3122 neve
1158 3047 1341 3146 potentis,

389 3178 603 3252 Concubitu
616 3181 751 3273 vetito,
766 3177 916 3252 Naturae
932 3179 1059 3276 pollue
1071 3179 1207 3253 soedus.

433 3425 442 3454 ¹
467 3421 568 3497 Byblis
585 3421 738 3496 s'cxprime
756 3421 936 3498 ipen-pres
956 3423 993 3480 de
1009 3424 1103 3480 meme
1121 3443 1159 3480 eu
1174 3421 1291 3497 parlant
1309 3418 1346 3476 de
1364 3437 1420 3475 aon

387 3509 476 3576 scire.
501 3519 542 3574 La
563 3519 773 3575 ressemblance
792 3516 827 3574 de
847 3517 876 3573 la
897 3519 1037 3576 situation
1057 3519 1159 3574 amine
1180 3513 1419 3572 necessairemeut

387 3618 515 3695 quelque
528 3616 737 3673 ressemblance
749 3616 822 3674 dans
833 3617 874 3674 les
889 3617 1045 3674 sentimens
1058 3629 1087 3674 et
1099 3617 1172 3674 daus
1186 3617 1225 3671 les
1237 3616 1365 3688 pensees.

430 3735 443 3764 ¹
466 3731 502 3787 Se
516 3732 611 3806 ursam
628 3731 811 3806 reprehendit
826 3733 969 3806 Myrrha,
990 3730 1125 3808 quamvis¹
1137 3735 1176 3790 ab
1194 3735 1254 3788 alio
1272 3732 1420 3806 merepan'

384 3832 531 3898 videatur,
540 3829 620 3903 quod
627 3849 727 3885 amora·
738 3832 881 3904 capiatur,
890 3852 947 3910 quo
959 3835 1074 3909 quedem
1080 3835 1153 3905 jura
1165 3829 1417 3906 consanguinitatis

384 3943 414 3986 et
426 3930 544 3988 uomina
560 3927 810 4000 corficndereutur.
