3248 5336
410 577 483 659 564
524 599 609 658 nus
638 572 1078 656 ntrnuonrnosns
1107 598 1340 679 n’ovrns,

697 797 747 872 X.
778 797 878 894 Ceyx
895 808 934 868 et
947 795 1165 896 Halcyone.

457 1007 668 1084 Inrnnnn
681 1007 883 1106 fratrisque
896 1008 975 1104 sui,
992 1007 1225 1108 frauemque
1239 1011 1378 1086 secutis

409 1139 536 1214 Anxia
550 1138 729 1238 prodigiis
744 1140 918 1212 turbatus
934 1150 1085 1235 pectora
1100 1139 1224 1236 OEyx,

409 1273 788 1368 commentatores,
798 1271 1003 1346 bominum
1012 1272 1277 1367 oblectamina,
1288 1283 1428 1370 sortes,

408 1400 467 1476 Ad
483 1399 651 1476 Clarium
664 1412 770 1500 parat
781 1401 838 1474 ire
850 1402 976 1474 Deum
990 1427 1097 1474 :nam
1110 1402 1250 1498 templa
1263 1399 1454 1500 profanus

360 1627 363 1634 ¹
407 1531 806 1630 lnvtacumrnegyn
820 1523 1353 1627 faciebatuetphicat‘horbas

408 1661 567 1734 Consilii
580 1674 707 1738 tamen
723 1661 906 1756 antemi,
923 1657 1121 1756 fidissima,
1138 1671 1278 1734 certam

407 1787 462 1865 Te
476 1789 582 1882 facit,
599 1792 791 1892 Halcyone
805 1820 813 1865 :
826 1791 889 1864 cui
902 1790 1077 1889 protinus
1093 1789 1230 1863 intima
1241 1788 1361 1887 frigus

408 1923 501 1996 Ossa
515 1935 740 2020 receperunt
748 1954 758 2018 3
773 1923 955 2018 buxoque
971 1919 1189 2024 simillimus
1207 1927 1300 1994 ora¹

407 2051 532 2125 Pallor
548 2053 628 2126 obit
645 2081 652 2125 :
668 2051 920 2150 lacrymisque
936 2075 1039 2148 genae
1054 2049 1234 2124 maduere
1246 2047 1425 2146 profusis.

406 2179 483 2255 Ter
497 2194 628 2255 conata
643 2182 772 2280 loqui,
786 2194 845 2254 ter
857 2179 1009 2254 fletibus
1022 2205 1089 2253 ora
1100 2178 1258 2277 rigavit3

310 2398 313 2413 Ι
406 2315 658 2412 singultuque
671 2313 752 2412 pias
766 2313 1070 2411 interrumpente
1084 2310 1255 2409 querelas
1267 2338 1276 2383 ε

457 2441 552 2528 Qum
566 2468 650 2516 mea
662 2439 775 2539 eulpa
787 2453 911 2536 tuam,
925 2438 1048 2533 dixit·
1058 2437 1265 2534 carissime,
1282 2447 1448 2511 mentem

407 2567 556 2644 Vertit?
569 2569 637 2644 ubi
651 2581 725 2667 est,
742 2594 828 2668 quae
846 2593 937 2642 cura
951 2566 1029 2640 mei
1041 2565 1150 2664 prius
1165 2591 1242 2640 esse
1255 2563 1417 2639 solebat?

408 2701 494 2774 Jam
507 2711 612 2797 potes
624 2697 815 2796 Halcyone
829 2721 984 2771 securus
998 2696 1124 2770 abesse
1139 2691 1280 2769 relicto.

407 2836 491 2909 Jam
509 2835 572 2908 via
583 2834 692 2932 longa
707 2832 829 2932 placet
846 2861 853 2906 :
868 2833 945 2927 jam
958 2855 1045 2904 sum
1060 2827 1133 2902 tibi
1146 2827 1268 2902 oarior
1283 2825 1427 2899 absens.

407 2965 477 3062 At,
492 2977 586 3063 puto
599 2991 666 3062 per
680 2976 798 3038 terras
811 2963 884 3038 iter
900 2973 956 3036 est
964 2991 975 3058 ;
991 2971 1219 3057 tantumque
1234 2955 1383 3049 dolebo,

404 3095 491 3171 Non
507 3097 619 3171 etiam
634 3110 822 3194 metuam,
840 3110 1019 3192 ouraeque
1030 3093 1168 3166 timore
1184 3089 1378 3164 carebunt.

407 3225 576 3322 AEquora
591 3252 654 3300 me
669 3236 834 3321 terrent,
850 3234 888 3298 et
899 3222 1010 3322 ponti
1023 3219 1142 3294 tristis
1156 3217 1291 3313 imago.

158 3335 164 3348 ¹
282 3373 288 3396 ⁸
342 3457 346 3470 Ι
407 3350 457 3428 Et
470 3353 607 3430 laceras
621 3380 746 3453 nuper
761 3354 906 3428 tabulas
923 3353 966 3426 in
981 3348 1212 3444 litore'vidi3

453 3537 462 3566 ¹
487 3535 637 3606 Phorbas,
651 3535 777 3611 brigand
789 3535 878 3593 d’une
888 3533 970 3592 force
981 3531 1189 3610 prodigiosa,
1202 3501 1397 3603 conmignait
1408 3525 1453 3584 les
1602 3599 1603 3604 η

408 3649 529 3708 passans
544 3632 560 3688 a
576 3633 667 3690 lutter
680 3609 751 3689 ureb
764 3630 824 3704 lui,
838 3643 866 3688 et
880 3631 922 3688 les
935 3628 1012 3686 tnait
1024 3627 1110 3705 apres
1122 3626 1164 3684 les
1175 3623 1262 3681 aruir
1274 3621 1407 3680 raincus.
1423 3621 1448 3676 11
1602 3627 1603 3692 t

409 3731 490 3788 avait
506 3732 651 3808 entrepris
668 3731 705 3789 de
722 3732 807 3807 piller
824 3731 852 3789 le
869 3731 976 3807 temple
992 3729 1029 3788 de
1044 3728 1190 3804 Delphes‚
1205 3721 1285 3780 aussi
1298 3721 1449 3778 renommr's

408 3849 464 3907 par
478 3852 521 3890 ses
534 3833 674 3891 richesses
686 3851 745 3908 que
757 3849 813 3906 par
826 3849 870 3888 ses
884 3831 1011 3888 oraeles.
1090 3897 1094 3906 ⁴
1219 3902 1221 3906 Ι

451 3935 464 3965 ¹
486 3933 577 3989 Poeta
589 3935 735 4010 eleganter
744 3930 859 4007 effingit
868 3947 961 3990 mores
973 3929 1071 3988 uxon's
1081 3925 1217 3984 maritum
1229 3921 1360 3996 fflcu'm
1372 3919 1448 3976 dea·
1520 3967 1525 3978 .

403 4044 526 4089 mantes.
